2804 4890
181 213 236 312 Ι224
587 252 894 319 ιιῧΑΗΗΗΙΒ

71 414 76 425 ·
182 377 237 440 bus
261 328 632 474 mgustiis·imstrationem
658 383 824 460 opponeret.
863 361 985 459 Siquid
1009 377 1050 447 ite
1127 379 1135 398 ⁸
1230 379 1326 456 rumh,
1392 381 1393 412 l

184 455 331 540 Quicquid
354 455 489 518 accident
512 457 667 533 malorum,
693 464 724 517 ut
743 476 856 539 semper
879 455 916 518 ad
936 475 1020 538 opem
1038 457 1117 520 leccn
1207 467 1325 540 praesto
1392 479 1393 510 ι

183 541 222 602 sit
239 536 336 610 Deus,
359 535 544 621 subindeque,
564 543 650 617 prout
669 555 714 598 res
739 535 908 618 postulabit,
931 555 1049 598 manum
1073 539 1219 619 porrigat:
1246 537 1326 600 hune

183 637 300 700 quoque
319 632 433 676 sensum
453 635 511 674 non
530 615 658 697 repudio.
698 613 773 676 Petit
798 622 893 676 autem
912 615 1032 678 ltdcrort
1055 624 1088 678 tn
1112 626 1235 680 iustitio
1253 621 1329 694 Dei,

183 717 219 760 co
240 695 408 778 quodDeus
428 693 519 772 iidem¹
534 697 622 755 scr‘vis
641 696 700 754 suis
721 695 816 754 datam
836 695 1014 776 praestando,
1033 697 1142 780 iustum
1156 717 1189 758 se
1208 697 1326 779 probet.

184 773 276 838 Nimis
295 781 394 856 argute
413 773 649 856 philosophantur
673 777 722 855 qui
742 773 884 836 Davidem
910 776 946 836 ad
971 775 1105 836 iustitiam
1130 795 1220 858 quam
1242 775 1327 838 Deus

92 873 93 876 ’
182 857 310 939 'gratuito
331 854 527 936 suislargitur,
547 853 701 934 coningere
721 853 835 930 dicunt,
848 853 915 936 quia
935 855 1052 935 propria
1072 875 1195 936 operum
1213 858 1326 918 iustitia

184 955 292 996 vacuus
313 936 358 994 sit.
398 933 491 994 Stulte
511 953 580 993 vero
601 933 657 1008 alii,
678 935 728 1014 qui
741 931 834 994 Deum
854 954 907 1016 pro
927 935 1035 994 iustitia
1055 953 1105 994 sua
1126 955 1245 996 servare
1260 957 1325 996 san·

185 1023 247 1078 etos
272 1019 385 1096 putant:
410 1013 477 1094 quia
496 1015 537 1072 sic
556 1015 650 1074 meriti
669 1017 803 1090 suntput
817 1033 945 1094 aequum
965 1013 1003 1108 sit
1021 1015 1184 1074 mercedem
1201 1016 1262 1096 ffli‘
1279 1037 1325 1080 re·

184 1091 1249 1268 ttltmltttitt?tltlffttt‘tffittt'tttttttlt
1261 1105 1327 1236 tt

185 1253 324 1336 praesidio
348 1251 511 1332 tutelaeque
543 1260 733 1314 committunt.
777 1249 854 1334 Ergo
885 1259 1026 1312 aratura
1050 1247 1104 1312 Dei
1132 1272 1214 1336 spem
1240 1274 1326 1314 suam

185 1333 334 1410 coulirmat
353 1331 458 1406 David,
478 1333 545 1410 quia
565 1331 848 1412 scipsum'ahuegare
867 1338 1001 1412 nequeat.

136 1467 139 1478 .
263 1415 291 1474 2.
311 1413 431 1472 Incltno
450 1413 553 1472 adme
572 1435 675 1472 aurem
694 1423 786 1473 tuum.
820 1409 992 1493 Exprimunt
1011 1409 1081 1472 haee
1100 1412 1190 1473 verba
1209 1421 1324 1495 quanto

186 1492 286 1554 ardore
312 1511 446 1552 aecensus
470 1492 556 1550 suerit
579 1493 689 1552 animus
714 1489 834 1550 Doridis
859 1492 895 1551 ad
915 1491 1097 1571 precandum,
1122 1488 1219 1573 deque
1244 1497 1323 1554 enim

185 1573 332 1635 rhetorum
349 1591 431 1630 more
451 1571 584 1630 orationis
605 1567 785 1652 splendorem
805 1569 852 1632 vel
872 1579 1002 1632 ornatum
1027 1571 1155 1632 allectat:
1187 1573 1235 1634 sed
1256 1581 1319 1634 tan·

155 1663 161 1672 '
185 1659 249 1717 tum
272 1653 391 1712 allectus
416 1651 460 1710 sui
484 1651 691 1728 vehementiam
716 1652 789 1732 aptis
813 1649 965 1712 verborum
989 1649 1088 1732 liguris
1107 1652 1267 1722 describit,
1283 1647 1320 1712 In

184 1732 363 1796 destinatione
387 1731 471 1792 etiam
497 1732 655 1796 ostenditur
680 1731 797 1810 periculi
823 1731 1002 1811 magnitudo,
1026 1731 1084 1792 acsi
1109 1731 1228 1807 diceret,
1244 1752 1317 1792 mox

155 1819 157 1824 “
187 1812 223 1872 de
242 1813 302 1872 vita
321 1830 372 1871 sua
392 1817 487 1870 aetum
508 1811 579 1886 lore,
599 1811 652 1870 nisi
672 1809 752 1870 ileos
772 1813 909 1872 auxilium
928 1829 1012 1870 suurn
1032 1811 1180 1872 acceleret
1218 1817 1318 1888 Arete,

182 1894 407 1975 propugnaculi
432 1899 460 1950 et
483 1901 568 1972 rupis
592 1891 753 1952 nominihus
778 1891 915 1972 signifieat
938 1910 969 1952 se
993 1890 1123 1950 hostibus
1149 1892 1209 1952 cuir
1232 1896 1321 2032 impa-

187 1991 247 2036 rem
259 1991 319 2032 esse
330 1973 364 2030 ad
375 1972 574 2031 resistendum:
595 1971 716 2051 ideoque
727 1971 838 2032 unicam
849 1989 928 2052 spem
947 1977 1053 2031 restare
1062 1973 1093 2030 in
1104 1969 1158 2032 Dei
1169 1975 1263 2053 praest
1284 1975 1322 2032 'o.

265 2054 396 2126 {laento
415 2073 474 2111 ore
491 2072 565 2111 meo.
605 2049 705 2112 Potest
729 2071 786 2110 uno
812 2057 948 2112 contextu
972 2051 1027 2132 legi
1046 2049 1093 2112 hio
1112 2071 1224 2127 versus,
1245 2049 1323 2130 Quia

101 2177 105 2188 ,
138 2161 141 2168 ·
186 2133 219 2192 lu
238 2131 308 2192 mihi
328 2149 358 2190 es
378 2131 466 2191 instar
484 2133 556 2190 areis
576 2133 711 2202 munitae,
729 2138 849 2214 propter
867 2151 972 2192 nomeu
996 2138 1078 2191 tuum
1097 2131 1203 2214 dirigas
1222 2153 1272 2192 me
1289 2151 1322 2192 ac

187 2211 310 2274 deducas
326 2215 392 2270 toto
403 2211 488 2272 ,ritae
508 2229 607 2270 eumn:
626 2217 713 2290 atque
731 2215 771 2270 ita
790 2209 959 2293 copula.(nt
975 2229 1060 2292 saepe
1078 2211 1169 2286 alias)¹
1185 2231 1321 2294 superra-

185 2309 241 2366 eua
261 2294 342 2350 essct.
382 2287 445 2372 Ego
463 2296 559 2350 tamen
578 2291 609 2350 iu
628 2289 771 2370 diversum
791 2311 905 2353 sensum
924 2291 1039 2366 molino,
1058 2293 1138 2374 quod
1150 2289 1252 2353 David
1272 2292 1324 2352 hac

186 2369 370 2432 meditatione
394 2371 467 2428 inter
488 2371 568 2446 osita',
593 2390 652 2431 non
676 2371 763 2430 modo
787 2371 824 2431 ad
848 2365 974 2432 studiuu'r
993 2372 1143 2454 precandi,
1160 2373 1214 2432 sed
1234 2373 1323 2454 impe·

186 2447 418 2530 trandiquoque
437 2391 571 2510 fiduciam
590 2452 705 2515 animet.
734 2449 848 2511 Scimm
868 2453 943 2510 enim
956 2451 1012 2510 hoe
1030 2449 1070 2511 illi
1089 2471 1153 2512 esse
1172 2453 1202 2512 la
1236 2453 1264 2468 '¹

185 2529 316 2613 precihus
346 2531 463 2589 miseere
489 2548 563 2608 quae
587 2531 623 2590 ad
647 2529 803 2592 tollendam
831 2529 1049 2604 dubitationem,
1068 2538 1100 2592 et
1118 2533 1322 2592 certitudinem

187 2608 408 2672 confirmandam
428 2607 548 2670 valeant.
589 2607 746 2692 Postquam
771 2631 840 2692 ergo
860 2630 941 2670 suam
960 2612 1157 2672 nenessitatem
1175 2631 1215 2674 ex
1274 2614 1322 2686 uit,

186 2681 244 2750 iam
264 2695 297 2748 ut
316 2689 441 2748 animum
461 2687 574 2768 colligat
598 2697 628 2750 et
646 2691 750 2828 eriglat,
776 2691 874 2751 statuit
898 2695 1006 2750 eertum
1031 2691 1092 2750 sore
1111 2693 1173 2750 voti
1193 2693 1241 2752 sui
1261 2711 1321 2752 sue·

187 2787 309 2829 cessum.
338 2765 422 2828 Prius
442 2768 562 2844 dixerat,
582 2769 629 2828 sts
653 2772 692 2830 mi
715 2771 773 2832 iiu
792 2789 893 2850 rupem
913 2775 942 2829 et
961 2769 1225 2852 propugnaculum:
1246 2791 1322 2830 nunc

187 2849 273 2930 addit,
294 2845 379 2916 Certo
403 2853 437 2908 tn
460 2867 490 2907 es
515 2867 568 2910 arx
592 2868 656 2910 mea
679 2856 709 2910 et
730 2851 1006 2934 propugrsueulom:
1028 2849 1192 2932 significans
1212 2869 1246 2912 se
1265 2871 1321 2912 nou

187 2935 295 2990 temere
319 2927 438 2987 iactasse
462 2927 513 2988 has
534 2948 633 2990 voces:
658 2935 690 2990 ut
709 2927 799 2990 multa
820 2935 918 3011 optare
938 2928 1152 2990 ostentamen
1172 2931 1321 3002 increduli,

183 3001 188 3017 '
209 3029 262 3068 uos
283 3005 360 3068 dubii
384 3011 504 3068 eventus
528 3010 615 3068 timor
633 3028 785 3090 smpcnsos
805 3016 891 3070 tenet.
931 3007 1006 3068 Hinc
1025 3011 1110 3070 etiem
1130 3005 1258 3070 aiterum
1277 3011 1322 3070 de·

188 3029 275 3161 ducit,
300 3085 377 3168 quod
402 3093 540 3168 perpetuo
571 3091 646 3150 vitae
665 3109 756 3154 eursu
796 3085 892 3161 Deum
921 3085 1068 3149 habiturus
1094 3089 1130 3150 sit
1159 3089 1266 3150 durem
1290 3110 1322 3150 ao

119 3217 123 3226 ,
187 3167 413 3248 guhematorem.
443 3169 487 3228 Ae
508 3166 618 3227 duobus
638 3169 753 3248 quidem
766 3167 860 3228 verbis
870 3187 931 3230 rem
950 3188 1036 3228 unam
1047 3169 1183 3250 designat,
1204 3177 1323 3252 propter

184 3248 282 3328 marios
301 3259 395 3320 casus3
412 3244 457 3320 (ut
477 3247 530 3326 ego
551 3247 665 3326 quidem
684 3249 867 3330 interpretor)
887 3255 917 3308 et
935 3248 1097 3330 inaequales
1117 3249 1195 3308 vices
1217 3251 1321 3330 mribus

128 3329 131 3338 '
188 3325 389 3404 circumagitur
418 3323 566 3384 hominum
586 3327 659 3386 vita:
685 3327 742 3386 acsi
772 3327 897 3402 dixisset,
919 3325 990 3397 Sive
1008 3347 1061 3410 per
1079 3333 1195 3390 montes
1217 3331 1321 3388 arduos

186 3401 657 3544 ttltlttttttttltlt
673 3406 1030 3549 illhdlltllirld‘
1046 3409 1150 3548 titt
1174 3407 1322 3548 ltttt

998 3527 1006 3546 s
1202 3510 1210 3548 1
1312 3524 1322 3536 “

186 3504 1322 3724 slrttrtnhlnh1sterterentttrti‘ttt

187 3721 223 3782 ad
242 3740 296 3781 nos
314 3721 454 3781 iuvandos
474 3723 590 3804 proprie
609 3717 764 3784 inducitur:
776 3721 869 3806 'atque
887 3668 927 3786 ill
946 3725 1101 3786 tenendum
1117 3732 1173 3804 est,
1194 3724 1253 3786 Dei
1272 3748 1323 3788 no-

187 3820 253 3864 men
273 3807 413 3882 quatenus
433 3803 538 3862 meritis
558 3796 689 3864 omnibus
699 3801 862 3884 opponitur,
881 3805 993 3866 unicam
1003 3806 1102 3865 salutis
1119 3811 1239 3867 nostrae
1258 3827 1322 3866 cau·

188 3899 249 3941 sam
269 3879 385 3940 censeri.
425 3877 562 3942 Proximo
582 3895 668 3942 ve'rsu
692 3883 806 3944 insidias
829 3892 859 3945 et
878 3883 1000 3960 fraudes,
1020 3883 1124 3964 quibus
1143 3887 1320 3946 circumven-

159 3967 234 4021 ‘tus
252 3959 346 4020 luerdt
365 3959 400 4020 ab
420 3957 557 4033 hostibus,
577 3960 629 4021 suh
648 3969 720 4024 retis
739 3963 919 4023 similitudine
935 3965 1047 4026 videtur
1065 3969 1176 4024 notare.
1207 3963 1322 4026 Scimus

186 4040 262 4100 enim
283 4039 318 4098 de
337 4039 397 4099 eius
417 4047 510 4100 morte
529 4040 598 4100 inita
617 4041 798 4122 saepeluisse
812 4043 939 4117 consilia,
959 4064 1032 4126 quae
1051 4043 1162 4104 nullrun
1182 4045 1226 4104 eil
1263 4047 1320 4104 ‘um

187 4119 256 4178 relin
298 4125 389 4178 erent:
415 4125 445 4178 et
470 4139 558 4200 quum
583 4137 684 4200 magna
709 4123 812 4182 astutia
837 4121 977 4203 pollerent
1001 4121 1111 4196 hostes,
1134 4129 1258 4206 propter
1281 4127 1320 4183 in·

155 4268 157 4276 γ
187 4197 263 4258 credi
282 4197 319 4257 ile
338 4197 449 4272 odium,
472 4199 565 4258 aerius
585 4199 621 4257 ad
640 4217 708 4260 eum
726 4201 903 4282 perdendum
922 4203 1009 4262 luisse
1026 4205 1160 4276 intentos,
1180 4223 1269 4282 quam
1291 4211 1321 4262 ut

186 4275 240 4337 sihi
257 4275 421 4338 humanitus
440 4291 540 4366 canem
563 4280 698 4360 potuerit.
737 4279 800 4379 llus
818 4281 854 4345 de
873 4299 959 4344 causa
977 4280 1075 4344 Deum
1094 4281 1221 4366 appellat
1239 4303 1321 4346 suam

1392 1569 1393 1654 l

1203 2453 1322 2528 muare

1216 2632 1273 2694 ιω

1224 4066 1272 4127 uo
