2818 4886
474 285 818 331 raassonxvur.
1161 291 1212 348 11⁵

66 431 124 472 nos
150 411 314 472 anxietates
336 411 491 492 impetant,
516 410 636 472 obiicere
661 405 714 470 boe
733 407 790 472 Dei
810 411 922 472 titulos:
942 411 1008 474 ἱιιιι
1020 419 1134 476 nostrae
1154 435 1212 478 me·
1297 419 1304 432 '
1330 421 1339 430 '

66 493 180 552 moriae
204 491 365 566 insideant,
389 497 422 550 ut
446 491 581 572 quicqm'd
604 491 714 553 rimor-u
739 491 850 570 tagum
867 490 973 566 Satan,
997 493 1151 574 proculab
1172 497 1213 556 iu·

66 589 170 652 gremn
188 576 332 630 necatur.
373 567 417 631 Ne
441 589 476 630 ue
498 571 709 632 camimum
734 569 764 629 in
783 569 866 629 malis
884 570 1079 666 praesentibus
1099 575 1212 635 vacilla-

67 671 145 724 mus‚
172 650 226 710 sed
250 648 387 730 fingimus
411 591 497 710 anm
520 649 604 709 nobis
628 649 853 730 vona·pericnla
882 669 912 709 m
937 649 1065 712 loturum
1090 658 1230 734 tempus„

65 749 147 882 ff
164 725 1009 890 ll'rppetpprrlppmmppppbppge.asspppgtrpgnpmpppfhugpp
1020 752 1162 870 mnia
1176 755 1214 872 rei

63 908 142 962 mea,
162 895 304 948 servator-
316 902 409 961 mens,
428 907 445 946 a
464 887 801 950 violentiamrvabioma:
821 906 896 968 quae
912 888 1070 969 pleniorem
1085 889 1213 952 efficiunt

63 969 254 1042 ammarum,
274 968 326 1028 sed
345 968 446 1030 εοάιιι
464 973 602 1048 spectant.

156 1110 190 1193 oss
214 1123 399 1190 Laudatnm
420 1122 575 1190 invocabo
597 1121 758 1205 lehovrm,
781 1132 814 1190 et
835 1123 874 1190 ab
895 1121 1028 1192 inimicis
1043 1101 1129 1193 'meis
1153 1148 1214 1194 ser·

67 1231 177 1332 vabor.
226 1229 259 1295 5.
282 1227 561 1296 Circumdederunt
582 1251 634 1296 me
663 1227 755 1294 funes
782 1229 903 1312 mortis,
926 1239 1083 1298 torrentes
1105 1229 1213 1322 impie-

70 1336 140 1404 tatis
166 1345 349 1406 terruerant
374 1357 437 1402 me.
487 1333 519 1401 6.
546 1331 654 1402 Fun'es
688 1331 823 1424 sepulcri
856 1335 1123 1404 circumdederant
1151 1360 1214 1420 me,

74 1451 303 1532 praevenerant
324 1461 377 1507 rne
399 1439 503 1530 laquei
525 1439 645 1508 morfia.
691 1438 722 1506 7.
744 1438 780 1508 ln
808 1441 950 1532 angustia
972 1465 1043 1509 mea
1065 1442 1213 1510 invocavi
1323 1443 1330 1457 “

75 1545 253 1628 lebovam,‘
269 1555 303 1612 et
324 1545 364 1612 ad
385 1543 492 1612 Deum
518 1569 627 1612 meum
655 1545 803 1614 clamavit
830 1556 863 1614 et
888 1547 1008 1615 audivit
1030 1548 1069 1615 de
1091 1549 1212 1640 templo

72 1673 130 1716 suo
152 1673 270 1720 vocem
293 1674 407 1734 meam,
430 1661 462 1718 et
483 1649 601 1720 clamor
622 1673 714 1720 mens
738 1674 846 1720 coram
868 1675 908 1720 eo
930 1653 1074 1744 pervenit
1095 1655 1135 1722 ad
1156 1678 1212 1722 au·

70 1780 122 1825 res
145 1780 228 1826 esus.

155 1918 185 1981 t.
204 1920 374 1981 laudatum
393 1919 542 1980 nemeto.
582 1894 758 1998 Quanquam
777 1917 922 1980 invocatio
940 1917 997 1979 Dei
1018 1922 1066 1997 (nt
1085 1917 1152 1980 alibi
1171 1921 1211 1982 di·

69 2005 157 2060 ctum
177 1999 236 2073 est)
253 2005 344 2058 toturn
363 2015 448 2077 saepe
468 1998 578 2058 cultum
597 1997 823 2079 comprehendit,
849 1999 916 2078 quin
935 2004 1031 2060 tamma
1052 1998 1099 2059 hic
1118 2003 1213 2080 saqui-
1249 1995 1254 2008 '

67 2086 121 2138 tur
167 2079 313 2138 remlionia
336 2077 468 2150 allectus,
493 2095 552 2138 non
576 2075 676 2136 dubito
695 2078 766 2156 quin
791 2075 838 2136 bic
863 2077 886 2136 si
927 2075 1001 2137 'lieet
1022 2077 1161 2139 Conferre
1180 2097 1213 2138 se

65 2159 97 2216 in
163 2176 210 2216 em
230 2155 296 2224 Dei,
318 2163 349 2214 et
368 2155 488 2214 salutem
506 2149 542 2209 ab
568 2170 603 2208 eo
624 2157 729 2230 petere.
770 2153 866 2230 Atque
912 2175 947 2215 oc
966 2155 1028 2235 apci
1047 2172 1116 2214 snae
1134 2156 1212 2216 testi·

64 2235 203 2294 moninm
221 2230 317 2290 David
337 2229 462 2302 subiecit,
482 2230 550 2308 qm'a
564 2227 622 2288 Dei
642 2247 727 2309 opem
746 2229 929 2308 imploratio
949 2234 1115 2292 necessitate
1135 2234 1212 2312 quir·

66 2315 136 2393 qnia
154 2312 187 2372 in
206 2329 243 2370 eo
262 2317 372 2391 sperat,
398 2309 562 2388 pronuntiat
579 2309 666 2388 igitur
685 2326 716 2366 sa
734 2307 847 2368 salvum
865 2309 942 2378 lore,
962 2315 991 2366 et
1011 2313 1140 2374 omnium
1159 2311 1211 2376 ho-
1301 2377 1307 2387 ⁸

64 2394 157 2452 atium
176 2393 328 2463 victoremp
347 2389 414 2467 quia
433 2387 469 2446 ad
490 2385 585 2446 Deum
605 2385 759 2466 confugiet.
798 2385 893 2448 Vocat
917 2393 1014 2448 autem
1032 2385 1129 2454 Deum
1149 2390 1210 2450 lau-

64 2472 180 2541 datum,
205 2489 266 2529 non
285 2467 373 2527 modo
397 2467 463 2546 quia
487 2465 588 2546 dignus
614 2467 652 2526 sit
669 2465 764 2538 lande,
787 2472 821 2526 ut
847 2485 947 2528 omnes
966 2466 1025 2526 iere
1045 2476 1211 2550 expomrnt:
1244 2465 1248 2483 ¹
1314 2485 1318 2505 ¹

66 2550 119 2610 sed
141 2556 175 2608 nt
194 2547 336 2630 significet
353 2565 450 2627 preces
469 2563 534 2606 auae
553 2545 684 2606 laudibus
704 2547 802 2606 mutas
822 2545 893 2606 iore.
932 2545 982 2606 Sin
1000 2548 1078 2608 eninr
1096 2549 1211 2609 videtur

66 2631 184 2710 exigere
208 2627 268 2688 loci
292 2626 516 2700 circumstantia,
550 2624 630 2704 quod
655 2623 691 2684 de
716 2644 729 2684 s
802 2625 906 2686 'oribus
931 2624 1074 2686 beneflciis
1103 2629 1209 2708 gratias

66 2727 168 2789 agens,
183 2709 252 2803 ‘eius
272 2726 358 2802 opem
376 2705 458 2764 novis
477 2705 552 2764 votis
571 2709 694 2798 expetet.
761 2711 869 2800 tcerle
883 2705 941 2764 nisi
961 2706 1011 2843 qpni
1019 2708 1137 2844 “pretias
1149 2705 1210 2802 Pei

66 2781 1082 2942 diffinitumtlttpttttttrzdltmt
1099 2783 1211 2924 itit

65 2965 153 3008 curas
178 2965 248 3006 snas
273 2952 303 3004 et
327 2945 473 3024 petitiones
498 2941 643 3022 deponant
667 2942 700 3000 in
723 2943 819 3001 sinum
846 2941 911 3000 Del.
951 2941 1034 3002 Adde
1058 2943 1137 3021 qnod
1157 2943 1208 3004 ob-

66 3032 203 3107 strepunt
226 3024 309 3098 Deo,
333 3031 363 3084 et
385 3042 452 3084 oum
475 3041 512 3084 eo
535 3020 719 3102 expostulant
743 3022 907 3102 ιῃιίιιιιιιιιι
931 3020 1047 3082 laudern
1066 3021 1129 3082 eins
1148 3023 1208 3082 ania

69 3107 144 3166 votis
163 3125 228 3166 non
249 3105 436 3182 coniungunt.

146 3186 177 3248 5.
202 3184 462 3244 cantandam
481 3203 535 3242 uae.
574 3178 635 3241 lam
653 3195 768 3240 narrare
788 3179 843 3240 inci
866 3181 887 3238 't
901 3177 997 3240 David
1017 3198 1104 3268 quam
1124 3181 1209 3240 certis

69 3272 98 3326 et
115 3261 277 3324 illustribus
297 3262 473 3324 documentis
491 3266 627 3342 expertos
647 3261 693 3335 sit
712 3279 829 3320 manum
845 3200 906 3320 bei
930 3261 999 3320 satia
1024 3279 1089 3320 csse
1107 3259 1144 3320 nd
1163 3279 1208 3320 re-

67 3343 238 3426 pellendum
262 3342 385 3423 quodvis
408 3340 550 3400 malornm
577 3359 665 3420 genus
686 3339 812 3400 validam
832 3346 861 3400 et
880 3339 1035 3400 robustam.
1076 3337 1136 3400 Nec
1154 3341 1208 3400 mi·
1306 3389 1309 3397 ,

65 3445 133 3484 rum
152 3429 210 3498 eat,
230 3423 342 3502 poetica
361 3428 390 3482 et
409 3419 557 3502 splendido
569 3418 722 3480 vorborum
742 3425 845 3478 ornatu
861 3418 1027 3500 amplificari
1047 3438 1121 3499 quas
1134 3421 1216 3480 sim·

66 3503 183 3584 plinius,
209 3507 241 3562 et
264 3501 405 3582 aequabili
430 3499 507 3579 dylo
533 3497 652 3559 describi
680 3505 825 3579 poterant:
850 3518 918 3560 uam
942 3497 1067 3636 Spiritus
1091 3506 1207 3560 nanctus

66 3603 135 3643 cnm
159 3579 230 3640 mali
271 3582 278 3597 ⁶
319 3587 349 3642 et
393 3579 643 3640 ravishominnm
667 3579 785 3660 ingeniis
805 3586 915 3640 certare
933 3595 1043 3652 voens,
1062 3575 1207 3640 Davidem

65 3661 115 3722 bio
196 3661 220 3720 si
265 3601 432 3740 yperboiica
455 3658 586 3718 facundia
605 3659 756 3732 instruxit,
777 3677 853 3737 quae
870 3658 906 3717 ad
926 3657 1130 3718 considerando
1149 3656 1207 3718 Dei

66 3680 210 3802 benebucia
230 3739 370 3800 mnndum
389 3737 623 3820 expergefaceret.
663 3735 723 3798 Vix
743 3737 833 3796 ullum
850 3743 895 3800 est
914 3743 974 3798 tarn
1014 3737 1135 3818 alpabile
1148 3735 1206 3797 Dei

67 3820 220 3893 auxilium,
241 3819 319 3899 quod
338 3839 397 3879 nou
418 3818 552 3878 obscuret
570 3823 668 3877 nostra
687 3817 855 3898 malignitas.
896 3813 972 3914 Ergo
988 3757 1094 3892 fland,
1115 3821 1147 3878 nt
1166 3816 1207 3876 ef·

67 3899 187 3960 limcius
206 3917 307 3958 munus
329 3905 442 3960 nostros
466 3903 610 3979 penetret,
634 3897 756 3957 calmem
780 3897 835 3958 sibi
854 3895 999 3956 Divimtus
1024 3895 1152 3972 allatam,
1176 3897 1206 3955 in

67 3985 129 4040 toto
148 3977 254 4041 mundi
274 3978 389 4059 opificio
408 3979 590 4060 conspicuam
609 3975 695 4036 luisse
714 3977 789 4038 dicit.
829 3975 893 4038 lloc
916 3978 977 4036 eius
996 3976 1145 4036 consillum
1165 3983 1206 4035 te-

66 4059 196 4120 nendum
215 4064 274 4134 est,
294 4077 331 4120 ne
351 4065 482 4140 puternns
505 4059 536 4118 in
555 4055 633 4135 stylo
659 4057 759 4118 altiore
783 4057 901 4118 modurn
925 4050 1072 4118 excedere.
1111 4054 1205 4116 Porro
1330 4077 1335 4084 ·

66 4158 183 4200 summa
202 4145 256 4210 err,
278 4159 367 4218 quum
387 4139 444 4198 iam
464 4137 594 4199 redactus
611 4143 686 4198 esset
704 4136 855 4200 inu'llimas
874 4156 908 4196 au
949 4137 1025 4212 olias,
1045 4132 1205 4230 conlegisse

64 4219 100 4278 ad
120 4215 289 4301 opemDei‚
309 4225 338 4278 ct
358 4217 522 4294 mirabiliter
541 4217 628 4276 luisse
647 4224 799 4278 servatum.
840 4215 907 4295 Quo
943 4213 1074 4275 adverbn
1094 4219 1204 4285 attinet,

62 4271 212 4368 nti'mn
233 4304 340 4358 vocant
358 4296 479 4358 Hebraei
504 4297 550 4359 vel
574 4296 669 4370 iones,
694 4299 742 4357 vel
760 4299 886 4360 dolores:
911 4295 1061 4360 ueletiam
1081 4293 1204 4372 quodvis

65 4379 179 4440 exitiale
198 4377 325 4440 malum
351 4379 418 4458 quia
442 4375 587 4438 homiuem
612 4379 782 4460 corrumpit,
806 4397 841 4438 nc
865 4377 955 4484 tendit
979 4375 1008 4434 in
1029 4375 1089 4432 eins
1108 4373 1204 4433 interi-
1312 4379 1314 4389 “
