2854 4886
523 293 756 340 rursm.
782 293 825 340 ιιι
1204 303 1241 364 17

80 421 241 502 impos-is
261 418 385 483 verbum
396 418 559 496 stabilitur,
577 415 722 480 Dominus
741 415 910 487 sustentabit
928 439 983 484 me
1007 419 1066 486 Sed
1086 426 1154 512 quia
1172 445 1240 491 cou-

82 501 211 562 dunum
233 506 333 564 adum
349 498 400 562 bio
418 499 553 582 designat,
572 499 603 560 iu
621 497 714 574 tribus
734 498 835 580 primis
847 497 943 562 verbis
963 519 1078 565 necesse
1098 525 1161 570 esse
1179 529 1240 571 uon

85 581 197 662 potavi
220 587 336 644 mutare
354 586 476 662 tempus
514 577 670 640 Sciendum
689 583 784 642 umen
805 585 863 654 est,
888 582 1067 644 securitatem
1087 584 1239 649 banonou

83 659 198 738 referri
217 661 342 744 proprie
360 659 399 720 ad
412 658 709 742 tempussaiilictioniu
728 657 775 720 vel
789 660 890 726 sallem
903 679 962 721 nou
977 665 1122 746 restringi:
1141 670 1238 748 potius

81 741 177 814 mim,
200 740 409 816 meoiudicio,
428 745 567 820 quantum
586 738 692 800 bouum
712 757 751 800 cx
770 737 827 800 lide
846 746 876 799 et
894 739 1028 820 precibus
1047 743 1166 826 adeptus
1178 748 1237 809 lue·

79 822 137 897 rit,
164 819 275 882 Derid
299 825 518 894 commemorat,
541 837 645 899 nempe
667 837 768 900 pacem
792 825 823 880 et
846 819 1032 900 tranquillum
1047 826 1143 892 ¹onirui
1165 825 1238 890 beue

78 897 830 1062 tidiiiffiitutitliidiiii
850 901 1237 1060 ttqtiltffitdi‘tiii·

596 1019 605 1054 i
728 1019 738 1052 i
821 1022 830 1052 l
947 1022 956 1056 i
1226 1023 1236 1036 ⁸

82 1063 132 1157 opi
158 1059 292 1144 pervigil
310 1065 341 1120 et
358 1059 514 1154 inquietps,
533 1056 713 1152 scdplaeide
733 1057 863 1132 dormivi,
883 1079 973 1140 quum
986 1063 1083 1156 ‘anxiis
1103 1071 1133 1124 et
1151 1065 1236 1146 trepi-
1351 1079 1358 1088 ’

82 1140 130 1202 du
156 1161 226 1202 uon
248 1143 399 1219 contingat
422 1137 486 1198 lalus
506 1135 648 1198 dormibo.
678 1134 738 1198 Sed
756 1143 899 1214 notemus,
918 1137 1061 1201 Davidem
1079 1141 1136 1204 Dei
1155 1165 1236 1226 prae·
1330 1159 1334 1169 “

84 1221 181 1298 sidio,
200 1241 265 1282 uon
284 1225 381 1280 autem
399 1235 453 1278 suo
472 1217 589 1298 sbrpore
607 1213 694 1277 inisse
713 1217 752 1278 ila
773 1237 914 1279 securum.
943 1217 1018 1280 Nam
1038 1222 1144 1303 impios
1164 1245 1234 1306 quo-

89 1321 149 1383 que
168 1301 286 1383 sopitos
309 1304 390 1359 tenet
412 1297 515 1358 mentis
541 1294 678 1372 ebrietas,
698 1295 767 1358 dum
786 1317 818 1360 sc
836 1297 938 1358 ioedos
957 1319 1024 1360 cum
1043 1309 1136 1364 morte
1155 1305 1235 1386 pepi-

92 1383 170 1463 gisse
200 1379 357 1442 somnient.
395 1373 738 1460 demonstravitum
764 1379 819 1438 nisi
837 1376 894 1438 Dei
918 1379 1026 1440 virtute
1046 1381 1180 1444 sullultus
1205 1389 1236 1448 ct

92 1481 151 1558 ope
172 1466 342 1600 protepplus,
366 1457 570 1598 quieieppficrppn
587 1455 697 1518 babuit.
737 1453 876 1598 lssroximo
896 1478 982 1554 versu
1000 1459 1254 1562 inaestimabilem

89 1555 569 1682 &brumbam
603 1555 801 1699 ”implendi
815 1544 1235 1710 ldliitliitidtlit

90 1709 195 1762 conns
214 1698 360 1782 quoslibet
377 1699 510 1778 impetus,
528 1695 649 1774 furores,
669 1705 832 1778 apparatus,
851 1705 881 1760 et
900 1717 935 1758 co
956 1701 997 1761 ias
1016 1703 1104 1762 totius
1124 1705 1232 1766 mundi.

89 1781 136 1842 Et
158 1799 226 1842 saue
249 1780 305 1840 nisi
323 1777 401 1838 bunc
419 1775 570 1838 tribuimus
588 1775 655 1838 Deo
674 1775 823 1855 bonorem,
843 1720 963 1840 nabinals
983 1783 1133 1844 concident
1151 1783 1234 1844 nobis

94 1863 196 1922 animi
233 1858 331 1939 Quare
355 1859 386 1920 iu
410 1857 544 1940 perieulis
568 1855 715 1918 ‘discamus
733 1877 792 1920 non
810 1860 904 1920 metiri
923 1859 1049 1922 humano
1069 1861 1156 1924 modo
1174 1861 1233 1924 Dei

99 1943 253 2004 milium:
270 1941 317 2002 sed
336 1939 474 2035 quicquid
492 1937 634 2002 obiectum
653 1937 883 2016 fucritierroris,
902 1939 968 2002 ideo
988 1941 1145 2024 despicere,
1165 1945 1233 2028 quia

98 2021 238 2086 frivolum
255 2025 294 2083 esi
310 2019 447 2104 quicquid
466 2017 603 2114 adversus
622 2015 718 2080 Deum
737 2019 895 2082 moliuntur
913 2017 1052 2084 homiues.

153 2242 156 2258 ,
183 2181 216 2248 8.
242 2177 344 2272 Surge
369 2175 510 2246 Domine
542 2169 633 2244 serra
659 2201 712 2246 me
738 2175 830 2247 Deus
856 2177 914 2246 mi:
948 2179 1021 2272 quia
1049 2133 1251 2272 percisssisti·

94 2310 209 2358 omnes
235 2285 381 2354 inimicos
408 2305 500 2354 meos
527 2281 561 2350 iu
582 2273 726 2368 mdxilla,
753 2285 865 2363 dentes
884 2285 1059 2384 impiorum
1082 2288 1233 2382 confregi·
1274 2295 1281 2310 '

90 2396 150 2464 sti:
198 2393 230 2462 9.
257 2391 400 2460 Domino
431 2401 481 2459 est
513 2387 599 2459 selus
625 2411 722 2484 super
748 2392 906 2486 populum
933 2403 1026 2464 tuum
1052 2394 1229 2465 benedictio
1347 2479 1351 2486 ι

85 2513 153 2572 tua.
195 2497 304 2570 Selab.

147 2665 179 2728 8.
199 2668 303 2745 Surge
321 2659 456 2723 Borrine.
497 2657 574 2740 Quia
596 2647 738 2744 proximis
760 2661 889 2723 versibus
915 2653 1051 2742 glorietur
1071 2669 1114 2724 est
1132 2640 1230 2726 David

84 2745 122 2806 de
142 2749 250 2826 pacato
270 2747 356 2816 stetu,
375 2741 464 2801 videri
483 2745 581 2822 posset
599 2759 676 2800 nuno
695 2737 854 2802 aDomino
874 2749 971 2824 petere
991 2749 1024 2802 ut
1038 2749 1098 2804 tola
1112 2743 1171 2802 vita
1186 2744 1227 2803 iu·

83 2825 214 2886 columis
232 2827 358 2884 maneat:
377 2821 435 2882 acsi
454 2819 579 2895 dixisset,
599 2817 725 2880 Domine
746 2821 863 2902 quaudo
884 2821 935 2902 abs
955 2829 985 2882 le
1005 2823 1141 2902 prostrati
1162 2827 1229 2882 sunt

82 2903 189 2964 hostes
209 2903 282 2976 mei,
305 2900 380 2961 bono
404 2901 521 2982 gratiam
546 2902 577 2960 iu
602 2898 690 2960 linem
715 2919 806 2978 usque
826 2919 1014 2982 prosequere,
1035 2909 1065 2961 et
1084 2903 1228 2961 continua.

82 2983 149 3044 Sed
169 2983 240 3066 quin
257 3001 365 3042 norum
385 2999 443 3040 nou
462 2987 506 3042 est
525 2985 559 3042 ut
577 2977 673 3038 David
696 2978 727 3038 in
746 2977 867 3038 Psalmis
887 2981 1055 3062 permiscent
1073 2981 1168 3040 varius
1188 2981 1228 3040 ai·

84 3063 195 3138 iectus,
214 3063 304 3142 magis
338 3059 463 3120 robabile
477 3059 602 3136 ridetur,
615 3065 767 3156 postquam
783 3057 905 3118 fiduciae
918 3077 986 3120 snae
1000 3062 1172 3128 mentionem
1186 3059 1228 3120 ln·

86 3145 189 3216 seuit,
209 3141 246 3202 ad
266 3081 378 3201 sulem
396 3142 499 3202 iterum
518 3159 619 3221 preces
637 3139 736 3199 redire.
757 3137 892 3200 Servarii
912 3139 969 3199 itur
982 3141 1064 3222 petit,
1084 3141 1228 3236 quia'erat
1360 3185 1363 3197 .

85 3225 119 3284 iu
142 3223 289 3304 praesenti
313 3220 479 3282 discrimine.
519 3218 607 3299 Quod
626 3221 755 3300 sequitur
775 3219 811 3280 de
829 3159 959 3280 hostibus
978 3231 1133 3301 percussus,
1157 3218 1227 3280 bila·

87 3305 163 3364 rium
186 3301 295 3382 exponi
317 3305 424 3382 potest:
448 3299 495 3360 vel
518 3307 551 3360 ut
591 3299 711 3360 recendo
730 3302 761 3359 iu
779 3301 947 3360 memoriam
965 3304 1081 3362 revocet
1100 3301 1226 3382 superio-

12 3401 13 3408 *
88 3403 137 3443 res
156 3382 300 3456 victorias,
317 3379 366 3440 vel
384 3387 416 3442 ut
427 3377 485 3441 Dei
503 3399 521 3440 a
561 3380 641 3440 ''um
661 3387 806 3461 expertus,
825 3386 855 3440 ct
873 3381 981 3461 potitus
1001 3397 1053 3440 suo
1072 3387 1143 3440 voto
1214 3415 1226 3430 ·

88 3463 198 3524 mrum
216 3462 358 3522 actionem
378 3459 536 3540 subinngnt,
556 3461 585 3520 iu
605 3479 692 3542 quam
712 3461 879 3520 sententium
894 3459 1015 3519 libenter
1028 3459 1144 3520 inclino.
1190 3481 1228 3520 rr·

89 3539 395 3702 miltiadi
419 3537 582 3681 ‘tilii
596 3537 1226 3701 dedititiitliffi’gidlii

90 3721 152 3782 quo
170 3707 292 3762 lestntm
303 3641 498 3762 liberationem
517 3717 548 3760 se
567 3697 633 3760 Deo
652 3663 796 3782 uoeeptam
815 3699 898 3760 ferre.

170 3785 200 3845 9.
219 3785 352 3844 nomem
370 3789 414 3844 ue
431 3783 522 3842 suus
552 3751 671 3858 Quat>
695 3779 839 3840 urucam
862 3797 918 3860 pro
938 3778 1164 3868 mauspleus
1186 3777 1225 3838 aa

13 3923 14 3926 ,
90 3858 251 3938 Hebraeos,
286 3861 403 3944 quidam
434 3881 494 3922 non
526 3859 707 3920 incommode
739 3863 869 3933 vertunt,
902 3875 920 3918 ι
948 3855 1077 3918 Domino
1087 3863 1130 3917 est
1184 3877 1225 3916 us.

89 3940 238 4024 Sequrw
255 3949 354 4004 tnursn
371 3961 436 4002 sum
454 3940 532 4022 quod
552 3941 786 4022 simpliciorem,
805 3957 893 4021 penes
908 3937 1006 4000 Deum
1019 3937 1141 3998 salutern
1156 3955 1223 3996 eon·

88 4029 173 4082 stare.
212 4019 327 4102 Quibus
346 4019 439 4084 verbis
458 4039 517 4081 uon
536 4019 624 4081 modo
643 4019 774 4082 semermi
791 4026 888 4102 paries
907 4025 937 4078 et
956 4017 1071 4078 laudem
1091 4017 1140 4076 uni
1159 4013 1224 4075 Deo

71 4102 235 4170 ¹vendicat,
264 4104 326 4164 eius
349 4121 467 4164 menum
492 4099 623 4175 omnibus
646 4099 778 4160 humanis
802 4097 933 4160 subsidiis
958 4098 1043 4158 tacite
1063 4113 1225 4176 opponens:

80 4183 138 4244 sod
162 4189 196 4244 ui
219 4183 308 4244 mille·
320 4183 487 4244 immineant
505 4188 627 4255 mortes,
649 4181 763 4242 obstare
782 4186 877 4242 lamen
896 4177 962 4239 Deo
982 4197 1041 4236 uon
1055 4194 1145 4314 lposco
1165 4194 1224 4254 quo

87 4264 184 4324 minus
201 4261 240 4324 ad
258 4262 430 4324 mundum
448 4257 583 4322 sullicists
602 4261 661 4322 imo
680 4262 711 4322 iu
729 4266 866 4342 promptu
886 4263 1001 4353 cnseret
1014 4277 1054 4316 nu
1077 4253 1224 4334 ouegotio

88 4329 1224 4538 mendicissimis„districtissJt

112 4519 219 4562 edvin-s
232 4519 255 4562 in
269 4521 347 4562 Proin.
361 4521 423 4562 ren.
437 4520 455 4560 1.
888 4540 906 4560 u
