2854 4886
163 265 199 320 10
587 259 879 321 1.uauvruus

61 441 65 464 ,
163 389 231 450 utne
247 387 355 452 editum
373 387 473 463 luerit,
492 385 530 448 ad
549 386 696 450 Christum
716 389 814 450 venire
833 405 949 449 neeesse
969 379 1033 464 est‚'
1046 355 1099 472 qni
1116 376 1195 448 solus
1214 405 1301 448 mun·
1414 421 1415 452 t

162 467 231 529 dum
251 467 305 529 sibi
324 468 444 550 subegit,
463 485 498 528 ac
517 487 570 529 suo
588 467 711 550 imperio
729 475 819 532 terras
830 461 933 528 'om'ues
952 473 982 528 et
993 467 1115 549 populns
1128 467 1301 566 complexus
1414 477 1415 516 t

161 556 213 608 est
243 547 343 629 ltaque
361 549 423 622 hic,
441 553 475 608 ut
493 547 622 630 pluribus
642 547 703 612 aliis
722 549 803 624 lucia,
822 548 959 609 Gentim
978 549 1091 608 vocatio
1162 547 1299 608 suumne

160 647 199 688 ne
223 631 307 689 unius
330 635 443 688 tantam
466 629 559 709 gentis
577 626 642 690 Rex
661 627 863 708 credabwqui
883 647 901 697 a
920 625 985 688 Deo
1004 629 1104 688 mitt·
1125 646 1158 686 us
1176 633 1223 688 eet
1240 625 1298 687 Re·
1414 609 1415 664 7

140 753 143 762 Α
161 708 227 769 duaa
247 715 303 802 top.
335 705 424 787 Quod
443 714 540 768 autem
553 725 673 789 reguum
689 707 746 769 hoc
759 707 934 846 dissipatum,
953 707 1051 768 multis
1064 709 1153 770 ruinis
1167 706 1300 767 dolorm
1414 765 1415 780 ἶ

160 795 233 854 muts
294 805 350 868 que
365 788 525 862 cernimus,
549 805 587 847 ex
606 787 756 848 homiuum
775 805 822 848 me
833 789 883 846 itia
902 788 1048 870 provenit,
1072 805 1147 868 qnae
1165 805 1217 846 eos
1236 793 1298 846 tam

160 867 235 928 felici
260 874 289 927 et
314 867 439 948 optanda
464 865 639 928 subiectione
657 865 750 928 reddit
763 865 902 948 indiguos.
932 865 1084 928 Caeterum
1120 867 1230 927 osmvis
1243 867 1298 926 lm·

159 947 255 1028 pediat
273 945 423 1007 hominum
441 947 613 1027 ingratitudo
632 965 669 1007 ne
688 947 813 1028 perfeeto
831 948 933 1007 lloreat
951 965 1071 1027 regnum
1138 948 1212 1020 risti‚
1237 965 1300 1006 nen

159 1033 256 1088 tamen
274 1026 360 1088 huius
379 1027 547 1108 prophetiae
566 1027 699 1088 effectum
718 1025 830 1086 abolete
848 1026 916 1086 dum
932 1025 1062 1086 Christus
1076 1028 1217 1108 dispersus
1231 1027 1301 1086 reli·

161 1109 243 1188 quius
262 1107 389 1187 undique
407 1105 529 1188 colligit,
551 1108 629 1167 etin
648 1108 750 1166 misera
770 1107 902 1166 vastitate
920 1125 988 1166 suos
1007 1107 1109 1166 retinet
1129 1123 1211 1165 sacro
1229 1105 1301 1165 iidei

161 1187 277 1264 vincum
296 1189 477 1247 coniunctos:
502 1191 612 1246 utnon
632 1205 706 1246 onus
726 1185 874 1246 dundaxat
892 1186 1027 1267 angulus,
1052 1186 1102 1246 sed
1121 1191 1200 1246 totus
1220 1185 1300 1244 orbis

160 1268 222 1328 cius
245 1267 368 1350 imperio
388 1265 539 1326 subiaceat
557 1271 562 1283 ’
579 1264 663 1326 Adde
680 1268 766 1326 etiam
786 1265 864 1348 qnod
885 1272 1031 1346 utcunque
1050 1265 1188 1326 lemciaut
1207 1267 1300 1346 impii,

160 1349 279 1428 eiusque
303 1345 525 1406 dominationem
543 1343 707 1427 repudient:
731 1365 791 1406 uon
816 1353 914 1405 tamm
933 1363 985 1404 sua
1004 1345 1183 1409 coutumacia
1202 1345 1246 1405 ins
1264 1351 1299 1404 et

159 1432 332 1512 potestatem
345 1427 435 1508 ipsius
449 1425 580 1508 redigunt
589 1426 619 1486 iu
628 1423 761 1486 nibilums
780 1445 840 1506 quo
849 1426 936 1486 ctiam
945 1424 1156 1506 pemnetquou
1165 1425 1299 1506 proxime

160 1509 298 1590 sequitur.
763 1567 766 1576 ,
1230 1537 1233 1552 ·

248 1654 280 1722 9.
309 1597 465 1722 Conteres
492 1601 662 1745 eosxrirga
697 1653 811 1736 terrea,
844 1651 935 1745 quasi
952 1673 1019 1723 'vas
1048 1592 1148 1746 figuli
1162 1640 1294 1721 ooulrin

160 1783 216 1856 ges
238 1783 304 1830 eos.

240 1908 304 1972 Hoc
324 1910 427 1974 diserte
445 1929 612 1996 expressum
631 1917 683 1988 est,
703 1917 736 1972 nt
755 1911 890 1972 sciremus
907 1912 1032 1992 potentia
1047 1910 1218 1970 instructum
1232 1923 1304 1964 esse·

162 1987 324 2065 ebriatum,
351 2011 408 2073 qua
427 1993 523 2069 invitis
548 2009 664 2074 quoque
688 1999 719 2057 et
737 1990 940 2052 reluctantibus
960 1993 1088 2072 imperet.
1128 1985 1297 2046 Subiudieat

161 2071 238 2130 enim
259 2070 357 2132 David
381 2093 440 2133 uon
464 2091 563 2132 omues
587 2077 690 2153 sponte
713 2073 813 2154 iugum
837 2071 994 2145 subituros,
1022 2071 1073 2130 'sed
1098 2067 1206 2128 multos
1231 2064 1297 2123 lore

158 2149 336 2230 praefractos
354 2149 535 2223 seremiles,
554 2171 628 2232 quos
647 2158 743 2212 tamen
762 2151 901 2211 violenter
920 2150 1042 2210 domitos
1056 2151 1086 2210 in
1101 2147 1231 2208 ordinem
1246 2161 1295 2211 ω·

160 2236 217 2309 get.
257 2227 350 2312 Regni
411 2232 499 2305 dem,
524 2231 560 2291 de
578 2251 638 2312 quo
657 2232 798 2312 loquitur,
818 2232 926 2311 speeies
945 2237 974 2290 ct
994 2230 1081 2290 decor
1099 2229 1130 2288 iu
1148 2245 1184 2288 eu
1203 2225 1297 2310 magis

160 2309 295 2388 refulget,
315 2331 373 2392 quo
412 2311 590 2371 voluntarius
609 2311 734 2394 populus
752 2311 789 2370 ad
804 2311 878 2371 diem
893 2311 1016 2370 occurrit
1030 2317 1063 2370 ut
1076 2327 1107 2370 se
1121 2307 1298 2388 morigerum

159 2388 310 2470 praebeat:
339 2390 390 2452 sed
413 2393 481 2472 quia
504 2393 596 2451 maior
612 2409 685 2530 pars
709 2390 823 2451 indocili
847 2390 952 2450 ferocia
977 2409 1040 2450 sese
1059 2387 1159 2450 contin
1179 2384 1295 2457 attollit,

159 2487 276 2530 necesse
300 2469 355 2531 luit
378 2470 435 2532 boc
460 2489 575 2554 quoque
594 2491 611 2531 a
631 2472 719 2553 iungi,
737 2471 840 2530 talibus
864 2469 1212 2550 ousueuttssupertorem
1231 2464 1297 2524 iore

159 2547 239 2608 hrrnc
261 2547 379 2632 Regem.
424 2551 521 2634 Atque
543 2551 628 2612 braim
652 2551 767 2632 quidm
791 2549 908 2612 hebione
931 2549 1045 2610 virtutis
1069 2549 1193 2629 speciem
1215 2543 1297 2605 exhi·

159 2627 226 2687 bere
245 2631 340 2712 eoepit
356 2629 439 2690 Dens
458 2631 488 2692 in
507 2651 628 2713 persone
640 2630 770 2701 Doridis,
789 2649 806 2690 a
826 2649 886 2712 quo
905 2631 1010 2690 scimus
1028 2629 1125 2690 hostes
1144 2624 1296 2707 quamplu-

157 2709 246 2768 rimos
270 2711 356 2770 armis
375 2711 462 2772 luisse
481 2713 571 2772 victos
591 2730 625 2772 ao
644 2717 816 2793 prostratos:
840 2709 890 2770 sed
909 2711 939 2769 in
959 2708 1076 2770 Christo
1095 2707 1207 2789 plenior
1225 2723 1295 2765 eon-
1414 2723 1415 2742 ι

158 2793 217 2847 stat
234 2790 348 2864 veritas,
368 2791 418 2871 qui
437 2811 495 2852 noa
515 2791 609 2872 gladio
628 2792 676 2850 vel
694 2785 785 2864 hasta,
804 2789 892 2852 sedS
912 2789 981 2850 iritu
1000 2789 1058 2850 oris
1076 2790 1122 2847 sui
1137 2787 1240 2868 impios
1255 2783 1293 2844 ad

158 2867 305 2929 interitum
329 2889 349 2929 u
405 2891 422 2932 e
445 2872 576 2954 pereutit
621 2869 726 2934 Mirum
748 2811 1084 2952 succubuimus,
1108 2885 1199 2948 quum
1223 2863 1293 2924 Pro·

178 2945 261 3008 hetae
280 2891 474 3012 ιΙίΙιίἪιιίιιί
493 2951 751 3026 mansueludinem,
776 2951 955 3012 clementiam
980 2956 1009 3010 et
1032 2947 1194 3008 facilitatem
1219 2944 1291 3006 cele

118 3051 121 3060 ’
157 2965 255 3103 brent,
278 3027 326 3089 hic
349 3031 470 3169 rigidum
495 3037 525 3092 et
548 3037 708 3106 austeram,
729 3032 906 3171 plenumque
927 3031 1045 3090 temous
1065 3025 1192 3088 describi.
1232 3022 1292 3084 Sed

157 3107 225 3186 quia
249 3129 349 3173 severa
395 3131 444 3171 aco
468 3129 502 3171 ac
521 3111 705 3172 formidabilis
749 3113 884 3172 ominatae
909 3111 1021 3170 nonnisi
1041 3108 1077 3168 ad
1096 3103 1290 3167 incutiendum

157 3185 286 3247 hostibus
311 3195 420 3250 metum
443 3191 537 3272 posita
559 3197 617 3266 est,
641 3191 823 3266 humanitati,
888 3191 915 3250 ia
941 3209 1009 3249 suos
1033 3187 1165 3248 Christus
1189 3183 1291 3245 blande

157 3271 187 3325 et
211 3269 447 3344 suspensores,
467 3271 583 3330 minime
603 3272 745 3332 contraria
764 3277 818 3331 est.
883 3287 930 3330 am
949 3275 982 3328 ut
1001 3287 1032 3329 se
1052 3267 1170 3349 placidis
1189 3263 1291 3326 ovibus

157 3345 307 3407 amabilem
325 3347 474 3410 Pastorem
498 3349 628 3424 exhibet,
652 3353 693 3411 ita
715 3349 789 3412 ieras
807 3349 910 3410 bestias
930 3367 1044 3409 ιιιιιιι
1064 3354 1108 3408 est
1127 3345 1163 3406 ab
1182 3365 1219 3406 ea
1238 3343 1291 3403 dn-

155 3427 215 3484 rius
234 3429 358 3504 tractari,
378 3435 411 3490 ut
429 3447 528 3489 aarum
547 3431 747 3492 truculentiam
760 3430 808 3490 vel
827 3431 959 3510 corrigat,
979 3429 1023 3489 vel
1045 3433 1215 3508 compescat.
1236 3423 1291 3484 lta·
1414 3431 1415 3438 ’

125 3547 127 3552 -
156 3525 212 3586 que
232 3503 346 3569 Psalmo
357 3511 425 3584 110,
445 3511 488 3582 5.,
512 3516 665 3607 postquam
684 3511 800 3572 laudata
818 3517 865 3572 cst'
881 3513 996 3592 plorum
1015 3507 1182 3580 obedientia,
1203 3503 1290 3564 simul
1414 3525 1415 3540 2

156 3588 281 3664 potentia
305 3589 432 3649 armatur
451 3589 596 3666 Obrutus,
621 3611 679 3674 qua
697 3588 792 3673 Reges
815 3597 846 3652 et
865 3590 1006 3652 exercitus
1033 3589 1086 3650 sibi
1104 3585 1240 3648 adversos
1259 3585 1290 3643 in

156 3663 202 3724 die
220 3666 279 3726 irae
298 3687 366 3728 suae
386 3669 494 3750 perdat
534 3667 572 3731 Et
591 3679 668 3732 certa
686 3671 842 3750 uirumque
861 3671 903 3750 illi
922 3675 989 3751 apte
1008 3668 1157 3729 tribuitur:
1183 3665 1251 3746 quia
1272 3681 1290 3724 a

157 3743 241 3806 Patre
265 3749 368 3807 missus
393 3755 437 3808 est
461 3757 496 3810 ut
519 3769 659 3832 pauperes
686 3771 720 3812 ac
743 3752 862 3813 miseros
888 3749 987 3810 salutis
1012 3749 1113 3808 nuntio
1139 3745 1289 3815 exhilaret

155 3825 284 3905 captivos
304 3827 405 3900 solvat,
425 3835 555 3910 aegrotos
575 3837 665 3904 sanet,
683 3833 778 3892 tristes
798 3837 828 3892 et
846 3829 969 3890 sillictus
988 3849 1026 3888 ex
1045 3828 1146 3887 mortis
1165 3825 1289 3888 tenebris
1414 3873 1415 3890 ,

154 3905 256 3965 ediscat
275 3909 305 3966 in
324 3907 418 3968 lucem
438 3913 528 3981 vitae,
554 3909 606 3971 les.
628 3913 681 3986 61,
702 3916 729 3973 1.
769 3907 896 3971 Rursum
937 3911 982 3969 uia
1001 3909 1084 3968 multi
1103 3925 1155 3968 sua
1174 3905 1289 3986 ingrati·

154 3985 251 4078 tpdine
276 3987 338 4047 cius
361 3987 392 4047 iu
412 4007 442 4049 sc
461 3989 616 4050 vindictam
636 3997 810 4072 provocant,
833 3991 870 4052 ad
890 3931 1074 4069 subigendam
1093 4007 1193 4048 eorum
1213 3985 1288 4044 duri·

130 4071 222 4140 ,tram
242 4067 454 4146 quodammodo
472 4089 578 4130 novam
597 4089 750 4152 personam
769 4071 870 4130 induit.
900 4069 958 4130 Sed
978 4069 1125 4150 quaeritur
1185 4065 1289 4125 odnam

153 4147 189 4204 sit
213 4145 337 4206 ferreum
362 4149 437 4210 istud
461 4157 605 4230 sceptrum
630 4151 709 4231 quod
730 4149 846 4212 Christo
864 4151 895 4210 in
913 4167 1031 4210 manum
1051 4148 1129 4208 dedit
1172 4153 1234 4206 uter
1252 4146 1289 4206 ad

152 4223 322 4308 frangendos
342 4227 448 4290 hostes.
488 4229 660 4312 Respondes
679 4251 733 4312 pro
753 4233 838 4290 armis
859 4229 990 4290 omuibus
1009 4229 1149 4326 Spiritum
1168 4227 1225 4285 oris
1245 4226 1290 4284 sul
1414 4237 1415 4242 ’

151 4307 178 4365 ei
197 4305 338 4382 sufficere,
357 4310 439 4370 sicuti
460 4329 553 4390 nuper
570 4330 609 4372 ex
628 4309 715 4372 {esaia
736 4312 831 4371 citavi.
862 4309 939 4392 Ergo
959 4317 990 4368 ut
1010 4310 1130 4387 drgrtum
1149 4325 1208 4366 non
1227 4325 1289 4366 mu·

150 4393 217 4446 ucat
235 4385 382 4466 cumen,
406 4389 552 4472 loquendo
570 4392 639 4452 satis
659 4391 751 4452 valide
770 4391 903 4452 fulminat
922 4397 1021 4450 contra
1041 4389 1139 4450 hostes
1157 4405 1243 4462 suos,
1260 4391 1291 4446 et
