2854 4886
188 257 225 316 ω
544 283 548 290 -
614 255 899 300 columnus

189 381 424 444 maducatirtao
442 336 632 461 loquutioaes,
651 379 738 442 modo
757 379 879 442 maurus
904 377 1023 462 ligurute
1047 377 1084 440 od
1107 375 1206 458 Deum
1230 385 1315 444 hm
1420 352 1421 404 1

189 463 256 524 ierri
276 459 354 542 qnod
372 479 411 521 ex
433 464 575 542 praesenti
598 479 695 522 rurum
718 459 823 520 iutuitu
846 477 946 522 seusus
969 465 1069 520 notter
1092 461 1231 541 concipit,
1256 480 1328 524 nam

188 539 252 602 fieri
270 539 385 622 quidem
404 547 500 621 potest
523 546 557 600 ut
578 539 666 601 bomo
691 539 832 620 quispim
855 539 949 602 iustus
971 539 1104 602 iniurim
1127 547 1196 602 autc
1220 542 1327 606 ocules

188 639 258 682 euos
276 621 395 702 pauperi
413 619 517 680 murm
535 639 595 715 npn
613 619 888 716 compescatpquia,
905 618 985 712 deest
1007 617 1142 716 iacpltpsr
1169 619 1325 715 triantem

187 697 335 861 ild
359 704 672 860 dimidiis&
693 705 956 860 illudit
975 704 1327 840 illelmi}

5 875 8 886 ·
85 875 123 916 ·.
185 857 260 920 bum
278 857 404 928 nuptm
424 857 502 940 quod
526 856 698 920 abscondam
723 855 873 938 significati
902 855 1013 918 duobus
1036 857 1130 920 modis
1154 859 1325 938 esponitur,
1421 876 1422 900 ι

52 935 78 974 ”
187 957 255 1000 nam
275 937 431 998 secuudum
446 937 595 1018 quondam,
613 937 778 1019 expostulat
794 934 891 998 David
909 956 976 998 cum
985 933 1159 1034 Deoqquou
1173 956 1204 1000 ee
1224 938 1324 1000 occul·

186 1015 732 1178 ctlb'nrleugnobblaoahdmwsibbbliunu:
744 1015 977 1161 vldbtullsl’edbbrd
995 1016 1323 1178 nffidffipcblnduffl

186 1178 232 1237 vis
252 1175 298 1238 bie
317 1183 453 1257 queratur
518 1175 568 1236 vid
586 1175 683 1237 Deum
700 1175 787 1256 longe
799 1174 907 1250 ώιοιι,
927 1174 963 1236 dc
976 1176 1038 1237 eius
1052 1181 1150 1238 tarum
1159 1179 1322 1256 praesentia

89 1277 92 1285 ¹
184 1263 269 1317 'cedo
290 1257 376 1317 turre
396 1271 574 1336 pecussum,
592 1256 699 1336 alioqui
717 1255 824 1318 frustra
841 1273 908 1316 eum
917 1254 1092 1316 advocasset
1130 1253 1321 1337 interrogatio

185 1342 284 1396 autem
304 1355 361 1415 qua
380 1337 471 1396 utitur
489 1335 547 1396 hnc
570 1335 671 1397 tendit.
690 1355 695 1372 *
716 1332 794 1414 Quid
817 1334 879 1430 boo
900 1332 954 1396 eibi
977 1333 1040 1396 vult
1062 1333 1203 1430 Domine,
1227 1355 1321 1430 qupm

185 1422 270 1476 tuum
289 1416 328 1476 eit
345 1414 485 1476 mundum
502 1414 673 1496 gubernare,
691 1421 723 1475 et
740 1433 827 1495 quem
851 1420 957 1474 vrrtme
979 1420 1030 1476 tua
1053 1419 1188 1489 smunes,
1211 1415 1321 1476 iustitia

58 1517 63 1524 ·
129 1547 137 1562 ,
186 1513 305 1576 quoque
328 1495 482 1568 moderari,
511 1500 627 1554 utnon
651 1494 734 1554 citius
753 1500 852 1554 contra
870 1499 980 1556 tantam
995 1494 1152 1574 impiorum
1169 1491 1320 1556 audaciam

184 1581 217 1635 tc
236 1573 379 1635 vindicem
399 1573 552 1634 edendas?
590 1572 764 1653 Quanquam
773 1570 869 1634 David
881 1593 942 1634 non
954 1573 1222 1653 tamexpostulaudi
1230 1591 1319 1634 eausa

186 1654 230 1719 eie
248 1653 384 1736 loquitur,
403 1671 491 1734 quam
511 1659 544 1713 ut
562 1655 688 1734 seipsum
707 1653 744 1712 ad
762 1652 933 1733 impetrandi
950 1651 1085 1714 fiduciam
1103 1653 1215 1714 animet.
1251 1651 1315 1714 Pro

182 1735 219 1794 in
237 1732 372 1794 firmitate
395 1731 510 1813 quidam
533 1751 634 1808 sensus
658 1733 703 1792 sui
726 1731 842 1792 minime
864 1737 1086 1792 consurtaueum
1109 1749 1172 1793 case
1195 1730 1262 1792 dieii
1280 1735 1317 1794 ut

183 1809 276 1872 ·Dous
295 1811 331 1871 eb
352 1811 447 1874 officie
467 1831 520 1872 suo
539 1812 640 1872 tandiu
662 1818 768 1872 casseu
791 1831 852 1872 non
870 1811 972 1874 desinit
989 1817 1085 1872 tamea
1102 1811 1210 1872 interes
1231 1823 1318 1875 suum

183 1889 230 1952 illi
249 1890 387 1954 bonorum
407 1891 525 1964 deleme,
544 1897 575 1951 et
592 1896 704 1952 tontum
724 1891 871 1952 molestias
889 1886 972 1965 onus,
1013 1910 1051 1952 uo
1065 1896 1207 1971 gravatur,
1247 1890 1317 1952 reci·

188 1969 242 2031 bus
263 1971 294 2031 in
312 1973 373 2032 eius
393 1971 486 2030 sinum
506 1971 541 2030 de
562 1971 644 2056 onitu
665 1968 775 2030 Eodem
793 1972 916 2052 pertinet
935 1909 1013 2051 quob
1032 1969 1174 2050 aequitum,
1198 1910 1247 2030 Ab
1264 1987 1317 2050 op·

244 2051 384 2110 uanitates
404 2047 478 2110 Nam
499 2055 531 2110 ut
569 2069 620 2110 aua
639 2049 756 2128 siugubs
774 2051 925 2110 momentis
943 2067 1060 2109 manum
1080 2067 1161 2109 suam
1175 2041 1234 2109 riou
1250 2067 1317 2130 pro·

199 2135 273 2190 erat=
292 2129 342 2190 ubi
360 2136 456 2190 tamen
475 2129 618 2210 simplices
631 2135 661 2189 et
675 2129 808 2190 innoxios
821 2129 945 2210 opprimi
957 2147 1026 2188 cona
1048 2127 1104 2202 'cit
1123 2147 1183 2188 uon
1198 2133 1242 2187 eet
1256 2145 1314 2188 am·

187 2209 265 2290 plius
289 2209 417 2270 mundi
440 2215 497 2268 torn
519 2227 561 2269 us.
590 2206 702 2290 Agendi
720 2209 795 2268 enim
815 2209 1011 2290 opportunitas
1050 2207 1154 2268 reviter
1172 2205 1316 2280 delinitur,

187 2307 279 2369 quum
297 2295 447 2350 versantur
465 2287 485 2348 fi
505 2288 563 2352 eles
577 2275 613 2348 iu
631 2289 770 2368 eumtic
798 2284 847 2352 Do
865 2305 923 2369 qua
936 2285 1073 2368 loquendi
1085 2286 1177 2348 forma
1191 2286 1316 2348 diximus

186 2369 319 2449 proximo
338 2367 462 2439 Psalmo,
482 2381 568 2428 versu
587 2367 707 2428 decimo.

266 2451 294 2510 ⁵2..
314 2451 355 2510 Iu
372 2448 517 2530 soperbia.
544 2445 716 2528 Priusquam
734 2447 968 2530 imprecationem
987 2445 1127 2528 concipiat
1146 2449 1245 2507 contra
1263 2445 1317 2504 im·

207 2525 260 2602 ios,
278 2529 387 2588 crimen
405 2547 507 2588 eorum
525 2525 648 2590 breviter
666 2528 799 2608 exponit,
823 2527 901 2608 quod
921 2525 1027 2588 scilicet
1045 2528 1164 2588 miseros
1183 2545 1242 2584 non
1260 2523 1323 2584 alia*

241 2623 327 2667 cama
346 2606 497 2667 crudeliter
514 2612 634 2680 vexent,
652 2607 708 2666 nisi
748 2607 794 2667 tria
813 2605 934 2687 superbe
952 2627 1002 2668 eos
1021 2605 1188 2688 despicimt.
1217 2601 1315 2665 Saevi·
1424 2613 1425 2628 ¹

182 2685 256 2746 tiam
273 2703 344 2746 vero
363 2707 421 2748 non
440 2703 542 2766 parum
560 2703 606 2746 am
627 2683 714 2746 libeat
769 2703 803 2747 ec
821 2683 1040 2761 dicumtautia,
1059 2683 1316 2766 qaodbumanitu·

185 2765 223 2825 tia
243 2764 333 2839 obliti,
352 2765 524 2848 pauperibus
542 2771 604 2826 eta
636 2767 698 2826 ictio
712 2765 917 2828 contumeliosa
935 2765 1079 2827 insultent
1108 2761 1238 2846 Superbe
1252 2764 1316 2844 qui·
1415 2836 1419 2842 ¹

185 2843 253 2906 dem
272 2863 385 2928 semper
402 2851 446 2906 est
465 2845 631 2920 crudelitas,
649 2847 708 2906 imo
727 2845 859 2928 superbie
884 2847 1013 2906 omnium
1035 2845 1201 2906 iniuriarum
1223 2848 1317 2904 mater

120 2917 128 2931 ⁸
184 2931 243 2985 est:
268 2925 335 3006 quia
358 2925 413 2986 nist
473 2925 496 2984 ia
515 2925 592 3002 lanta
610 2943 642 2988 se
661 2926 775 2986 efferret
793 2943 880 3008 supra
899 2927 1061 3007 proximos,
1085 2931 1116 2984 et
1134 2923 1201 3008 plus
1220 2941 1316 3004 aequo

185 3003 239 3066 eibi
258 3022 409 3086 arrogans,
432 3005 497 3065 ilos
517 3005 686 3086 despiceret,
704 3005 786 3066 nobis
805 3006 963 3067 communis
980 3003 1141 3066 humanitas
1160 3001 1318 3064 modestiae

184 3089 216 3144 et
234 3085 386 3164 aeqmrois
404 3085 496 3164 legem
515 3084 689 3165 praescribit,
708 3085 759 3146 sed
778 3081 824 3145 bic
843 3086 1002 3166 exprimere
1021 3085 1113 3145 voluit
1131 3079 1241 3157 David,
1260 3081 1316 3142 inr-

160 3177 164 3182 '
184 3164 248 3245 piis,
268 3183 342 3243 quos
361 3171 484 3238 accusat,
502 3163 615 3226 nonnisi
634 3163 708 3224 altos
727 3171 757 3224 et
774 3165 884 3226 feroces
903 3165 1019 3245 spiritus
1032 3163 1063 3224 iu
1077 3181 1162 3224 cauas
1175 3181 1235 3224 ease
1251 3180 1315 3235 cnr,

72 3293 77 3300 .
183 3263 243 3304 non
262 3243 394 3317 hceooiti,
413 3244 540 3304 maviani
558 3249 658 3304 contra
675 3245 794 3308 miserus
813 3251 844 3305 et
862 3245 969 3325 inopen.
994 3241 1132 3324 Quisquis
1151 3261 1218 3322 crgo
1236 3241 1316 3300 insta

184 3329 215 3383 et
233 3323 294 3383 sine
312 3341 390 3382 noxa
408 3321 515 3383 versari
534 3341 602 3382 oum
619 3323 752 3384 iratribus
765 3323 853 3404 cupit,
871 3343 909 3400 ne
921 3322 975 3384 sibi
988 3323 1098 3404 placeat
1112 3342 1179 3383 num
1191 3321 1316 3381 aliarum

184 3401 371 3476 contumelia,
395 3402 445 3462 sed
468 3402 595 3462 animum
619 3421 703 3464 suum
727 3401 874 3485 superbiae
897 3402 998 3463 morbo
1023 3403 1171 3492 inprimis
1190 3418 1316 3483 purgare

184 3479 304 3542 studeat
353 3451 431 3566 pb't
450 3478 585 3542 Hebraeis
605 3488 664 3541 tam
683 3485 743 3564 pati
762 3501 849 3564 quam
868 3481 973 3544 inferro
991 3483 1240 3564 persequutionem
1257 3480 1313 3559 sig·

183 3560 294 3622 nificat:
314 3559 380 3622 ideo
400 3560 571 3641 quibusdam
588 3563 677 3642 magis
697 3562 791 3644 planet
809 3565 839 3624 in
855 3570 958 3624 uentro
973 3581 1076 3644 genere
1091 3563 1227 3644 accipere.
1246 3555 1330 3644 Non

118 3647 125 3667 '
184 3639 260 3701 male
284 3637 371 3700 etiam
394 3641 467 3702 verti
492 3647 603 3722 posset,
629 3659 786 3738 pauperem
809 3641 908 3704 ardere
927 3643 957 3702 in
975 3641 1109 3725 superbia
1127 3641 1221 3724 impii:
1246 3637 1317 3720 qnia

183 3717 255 3780 baec
273 3719 448 3800 frequentior
466 3727 510 3780 cat
525 3719 608 3782 verbi
628 3721 812 3803 significatio,
830 3742 899 3784 nam
917 3721 1007 3784 iustos
1026 3723 1181 3804 impiorum
1195 3719 1316 3782 misens

181 3797 313 3862 homiues
331 3799 420 3860 imur
438 3801 511 3882 Quis
531 3801 657 3864 devora

270 3971 302 4042 3.
325 3971 406 4059 Quia
439 3996 474 4041 se
500 3973 606 4045 laudet
631 3974 749 4066 impius
776 3997 871 4067 super
898 3975 1052 4044 desiderio
1078 3953 1201 4042 animae
1228 3993 1318 4054 suae,

119 4111 132 4124 ·
182 4089 216 4147 et
236 4077 395 4147 violentus
417 4079 475 4145 sibi
497 4079 664 4149 benedicit:
683 4080 806 4172 spernit
826 4079 984 4157 lelrovam.
1023 4076 1055 4148 4.
1077 4078 1196 4172 lmpius
1217 4077 1252 4144 iu
1274 4076 1319 4144 al-

181 4183 314 4358 1ῑέιιιιὶἰιιι
341 4183 424 4254 noris
450 4207 527 4257 sune
555 4211 622 4258 uon
643 4185 794 4282 exquirit,
820 4207 932 4279 omues
951 4185 1022 4308 'eim
1044 4183 1215 4272 versutiae,
1247 4205 1316 4252 non

214 4313 281 4360 eus.
