2818 4886
504 259 735 311 ιιιιιιιιι.
763 270 805 314 xe
1176 269 1243 328 -75,
1288 301 1290 314 .

87 391 222 453 nunnus
240 385 382 473 gradatim
402 409 473 451 enm
491 390 529 452 ad
549 393 737 473 spemfelicis
756 393 851 458 exitus
866 394 1063 470 conseehdere,
1080 413 1118 458 ns
1130 404 1239 458 mm'

89 473 221 534 omnium
247 469 395 551 dissipatio
419 469 506 531 fidem
524 471 585 532 eins
604 471 769 534 labefactet:
794 475 861 554 quia
880 473 946 536 Deo
965 475 1065 536 stabile
1083 483 1179 538 manet
1197 477 1228 538 in

79 553 173 628 ,coelo
191 549 329 620 tribunal,
348 552 409 610 eins
427 551 533 612 iutuitu
551 569 582 611 sa
601 554 731 614 sustinet.
762 551 874 614 Deinde
893 555 1029 635 expendit
1047 556 1116 636 quid
1134 573 1165 618 re
1187 557 1228 616 ai·

89 629 256 693 ratiudieis
275 628 413 704 officinm,
433 631 508 690 unde
527 631 633 712 colligit
642 632 718 694 facta
732 631 881 703 hominnm
894 631 951 694 Dei
971 634 1142 696 oculosnon
1195 655 1226 695 u·

90 721 173 794 gere:
192 717 223 770 et
242 710 376 798 quamvis
394 729 454 770 non
473 711 568 772 statim
576 731 701 792 poenam
709 713 807 794 exigat
821 711 1030 788 demaleticiis,
1050 714 1116 774 odio
1133 721 1229 776 tameu

88 790 228 873 prosequi
247 807 349 850 omnes
366 787 522 870 improbos.
547 789 675 852 Tandem
694 792 821 868 subiicit,
950 800 1078 856 armatus
1097 795 1133 854 sit
1147 792 1228 856 Deus

87 871 236 953 potentia,
258 869 373 929 initum
396 869 444 930 vel
467 871 551 932 inane
576 891 636 932 non
654 871 717 932 fore
735 871 807 932 illud
865 875 933 933 ium.
967 873 1009 934 lta
1029 874 1230 955 quantispera

588 972 908 1111 ι
927 952 1230 1114 meror:

86 1111 183 1172 δάιοι
200 1115 301 1170 antem
320 1127 392 1189 quas
406 1107 487 1170 Dens
505 1110 607 1194 infligit
624 1131 741 1193 poenas,
780 1113 856 1174 invia
876 1119 1036 1194 comparat,
1054 1113 1137 1196 ocuti
1155 1113 1232 1174 euim

86 1211 148 1252 nou
175 1195 245 1248 sunt
268 1191 422 1249 conduma
444 1188 573 1284 pluviae,
603 1191 653 1250 sed
678 1209 727 1252 cas
746 1133 903 1268 firminus,
927 1195 1040 1273 quoties
1064 1193 1159 1252 visum
1178 1197 1231 1266 cst,

90 1270 210 1332 emittit:
230 1269 291 1328 imo
310 1267 360 1328 ubi
378 1287 503 1328 maxuma
522 1277 567 1330 est
585 1272 731 1346 serenitas,
749 1279 864 1354 reperte
880 1273 1045 1354 grandinem
1059 1277 1109 1332 ant
1125 1271 1231 1332 violem

91 1359 155 1412 tum
169 1347 294 1408 imbrem
310 1349 430 1408 excitat:
448 1350 489 1409 ita
502 1368 535 1410 re
555 1351 679 1412 cntinam
693 1352 847 1412 vindictam
861 1352 1001 1432 significat
1014 1353 1107 1433 impiis
1115 1353 1232 1426 imbrs,

95 1437 128 1492 ut
144 1428 253 1489 hilares
273 1428 427 1523 stedeliciis
446 1429 505 1490 suis
524 1371 604 1506 ehm'i,
623 1437 771 1492 momento
790 1439 916 1512 pereum.
945 1431 1055 1492 Interea
1073 1437 1170 1492 tamen
1183 1449 1231 1512 vs

98 1529 159 1572 rum
178 1515 225 1568 est
240 1505 385 1568 Davidem
403 1507 440 1568 ad
454 1506 598 1571 Sodomae
611 1517 641 1570 et
656 1509 814 1572 Gomorrae
827 1511 970 1572 excidium
983 1509 1117 1572 alludere.
1137 1509 1230 1572 Sicuti
1258 1536 1263 1552 ·

99 1593 171 1652 mim
193 1586 374 1670 Prophetas,
403 1607 494 1668 φιιιιιι
517 1587 573 1650 Dei
597 1589 716 1672 μιιίιιιι
741 1589 837 1652 electis
862 1593 1028 1672 promittere
1051 1591 1166 1662 volunt,
1188 1585 1233 1650 re·'
1317 1649 1323 1662 ,

99 1669 291 1749 demptionem
301 1667 391 1730 semel
400 1667 504 1729 factam
513 1677 751 1732 comma-orant:
771 1671 811 1731 ita
826 1671 896 1732 dum
909 1669 1046 1752 reprobos
1060 1677 1167 1730 terrere
1180 1689 1232 1730 vo-

96 1751 170 1824 lunt,
188 1749 334 1808 minantur
352 1745 496 1848 §edomas
515 1756 545 1810 et
564 1749 722 1811 Gomorrae
741 1752 870 1825 exitium,
888 1769 942 1814 nec
960 1749 1011 1812 abs
1030 1769 1072 1824 re,
1091 1769 1181 1845 quum
1200 1749 1233 1810 in

96 1824 1162 2048 qtt‘t‘tthmithtttttttsttthftttt,¹:22⁸t
1175 1845 1234 1968 :tt

9 2059 16 2074 .
98 2011 123 2072 p
143 2009 183 2048 nr
199 1989 298 2059 reniet,
318 1989 438 2068 laqueos
459 1991 549 2071 ponit
578 1989 693 2050 Scirum
713 1991 789 2050 euim
808 1991 921 2072 impios,
940 1989 1078 2070 quamdiu
1094 1988 1151 2048 illis
1169 2006 1234 2070 par·

99 2073 143 2132 cit
159 2067 248 2141 Deus,
267 2067 336 2128 nihil
350 2075 489 2142 metuere,
503 2069 554 2130 sed
567 2075 701 2151 proterve
715 2070 860 2131 exsultare
873 2071 955 2151 quasi
968 2069 998 2129 in
1012 2067 1103 2130 libero
1118 2083 1235 2148 campo:

96 2149 204 2210 deinde
231 2147 255 2206 si
280 2147 349 2228 qnid
376 2149 488 2211 adversi
510 2149 669 2231 impendet,
691 2151 796 2231 effugia
819 2149 873 2210 sibi
897 2150 1086 2210 comminisci:
1111 2147 1235 2228 denique

97 2247 213 2311 semper
229 2227 348 2288 illudere
367 2227 447 2304 Deo,
467 2231 549 2310 qnasi
568 2227 740 2310 deprehendi
758 2236 917 2310 nequeant,
936 2229 1027 2290 donec
1046 2228 1156 2308 laqueis
1175 2229 1241 2288 suis·

97 2310 283 2388 oomtrtngaa
310 2307 394 2369 Deus
412 2329 480 2390 ergo
499 2309 640 2370 vindictae
659 2313 727 2370 sude
746 2309 895 2370 exordium
914 2328 931 2369 a
949 2309 1059 2389 laqueis
1077 2309 1159 2381 heir,
1174 2325 1235 2366 om·

96 2391 148 2452 nia
166 2389 263 2469 impiis
281 2387 456 2470 subterfugia
475 2389 673 2471 praecludens:
695 2390 744 2450 ubi
764 2396 860 2450 autem
878 2391 1003 2450 irretitos
1023 2386 1178 2449 et‘vinetos
1192 2392 1245 2469 ιιι

94 2475 157 2544 net,
178 2467 248 2528 diris
267 2473 296 2528 et
314 2467 463 2529 horrendis
483 2469 574 2528 modis
593 2469 623 2529 in
643 2489 692 2530 eos
706 2469 850 2529 fulminat:
871 2469 953 2528 sicuti
969 2470 1033 2550 igue
1049 2467 1166 2528 coelesti
1181 2465 1235 2525 So·

95 2551 222 2612 domem
240 2553 271 2608 et
289 2548 398 2609 vicinas
417 2547 502 2608 urbes
522 2551 706 2630 consumpsit.
724 2547 843 2608 1Νοιιιιιι
864 2520 1246 2623 ltihlfhtaliivdrtuntlng

94 2630 249 2691 cessiones
267 2628 316 2688 vel
336 2629 464 2688 ardores:
484 2629 532 2688 alii
551 2629 766 2690 Commotiones
785 2629 833 2689 vel
851 2636 987 2690 terrores:
1007 2625 1056 2688 sed
1076 2631 1236 2700 contextus,

93 2727 188 2792 ιῙιιιιιι
209 2705 317 2766 adduxi
336 2709 607 2790 interpretationem,
625 2709 765 2790 postulat:
791 2711 859 2789 quia
877 2710 970 2768 ventis
989 2705 1156 2788 procellosis
1174 2725 1236 2766 mo·

92 2797 184 2850 vetur
202 2793 474 2868 tempestas,.quam
494 2791 624 2870 sequitur
641 2789 811 2848 fulminatio.
832 2792 915 2850 Pura
927 2789 1030 2848 culicis
1043 2807 1153 2864 comm
1171 2783 1238 2846 Hoc

93 2869 192 2930 verbo
210 2873 334 2928 testatur
353 2876 430 2928 certa
450 2869 512 2930 fore
531 2876 561 2929 et
579 2875 641 2928 rata
653 2867 712 2928 'Dei
730 2869 842 2942 indicia,
861 2874 1009 2962 utcunque
1027 2865 1121 2925 falisci
1140 2863 1237 2926 adula-

90 2953 178 3012 tione
198 2948 279 3028 impii
299 2967 330 3008 sc
350 2947 494 3008 deludant.
524 2947 579 3008 Fre
602 2953 701 3008 neuter
720 2948 846 3007 coacuit
863 2949 893 3005 iu
913 2945 1070 3026 Srnpturis
1089 2943 1160 3004 baec
1178 2961 1237 3004 me-

91 3029 232 3110 taphora.
258 3025 336 3105 Quia
355 3029 430 3087 enim
450 3026 522 3088 nihil
540 3027 568 3088 di
591 3027 682 3087 :cilius
702 3026 755 3086 sibi
812 3025 926 3086 :suadet
945 3041 1129 3105 caro‚·qnam
1143 3022 1239 3083 clades
1275 3089 1277 3094 ,

93 3117 129 3170 ct
143 3109 284 3182 miserias,
294 3125 368 3188 qnae
383 3107 517 3168 fortuitae
531 3108 673 3182 videntur,
682 3105 827 3166 Divinrtns
838 3107 914 3166 insto
927 3109 1152 3186 temperamento
1167 3101 1240 3164 acci·

95 3191 179 3260 dere,
200 3185 282 3247 Deus
307 3205 456 3269 personam
503 3187 691 3248 atrisfamilias
710 3186 763 3246 sihi
776 3185 878 3260 irrduit,
898 3187 948 3266 qni
962 3183 1079 3265 singulis
1091 3181 1241 3243 distribuat

96 3287 186 3330 suam
209 3285 374 3328 mensuram
398 3267 445 3327 vel
489 3282 643 3328 emensum.
677 3266 741 3327 lloc
764 3267 862 3346 itaque
886 3265 949 3326 loco
975 3263 1115 3346 significat
1133 3261 1239 3336 David,

98 3349 261 3429 repositam
276 3353 355 3407 certo
368 3347 527 3408 mercedem
546 3349 655 3430 impiis,
674 3347 836 3426 frustraque
852 3351 1059 3428 repugnaturos
1074 3363 1164 3424 quum
1179 3340 1241 3402 Do-
1279 3409 1281 3421 .

98 3431 198 3490 minna
218 3429 278 3487 irae
297 3445 366 3497 suae
379 3427 496 3487 calicem
512 3426 667 3487 hibendum
685 3427 860 3508 porrexerit:
877 3445 931 3485 nec
945 3445 1016 3485 vero
1031 3429 1163 3506 paratum
1178 3439 1241 3482 esse

100 3508 224 3570 eahcem
253 3514 341 3587 quem
371 3508 503 3586 guttatim
527 3505 664 3566 delihent:
695 3506 744 3565 sed
770 3520 857 3586 quem
882 3505 997 3567 sorbere
1021 3510 1115 3564 totum
1139 3519 1241 3584 cogan-

100 3587 263 3728 qqr,·sicut
282 3586 339 3646 iltis
359 3585 507 3648 denuntiat
525 3583 672 3668 Propheta
690 3583 792 3646 Bacch.
814 3589 864 3660 23,
883 3585 932 3648 ³4.
961 3583 1060 3665 Usque
1078 3581 1116 3644 ad
1134 3580 1244 3644 faecem

138 3685 227 3730 unes.

184 3747 215 3809 7.
238 3747 319 3820 Quin
342 3753 439 3806 tantm
462 3747 582 3822 felque·
621 3741 722 3826 Nuper
741 3744 776 3804 ab
796 3743 892 3805 officio
911 3741 968 3804 Dei
987 3743 1171 3813 ratiocinatus
1190 3745 1243 3812 est,

103 3825 262 3887 vindictam
281 3830 464 3906 sumpturum
483 3824 519 3884 de
538 3823 679 3920 reprobis:
699 3845 776 3884 nnnc
795 3823 830 3883 ab
850 3825 911 3884 eius
930 3829 1041 3897 natura,
1060 3821 1143 3882 bonis
1154 3825 1184 3880 et
1199 3835 1243 3878 re·

105 3909 159 3968 ctis
179 3905 380 3965 auxiliatorem
399 3903 462 3964 fore
481 3904 597 3984 colligit.
622 3901 696 3964 Nam
717 3906 783 3984 quia
803 3905 893 3964 iustus
912 3908 964 3976 est,
985 3919 1161 3981 consequeus
1180 3915 1244 3958 esse

106 3986 234 4048 ostendit
257 3989 291 4045 nt
315 3983 452 4044 iustitiam
476 3983 588 4064 diligat,
612 3984 718 4063 alioqui
738 3987 813 4044 enim
833 4003 864 4044 se
883 3984 977 4064 ipsum
996 3981 1154 4060 abnegaret.
1183 3976 1245 4058 Fri·

106 4067 171 4146 gida
191 4065 280 4125 etiam
299 4063 455 4144 speculatio
475 4069 562 4133 esset,
581 4064 716 4124 iustitiam
735 4066 765 4122 in
782 4061 846 4124 Deo
861 4064 998 4128 inclusam
1014 4063 1172 4140 concipere,
1191 4056 1245 4122 uisi

106 4147 137 4207 in
155 4151 283 4207 mentem
300 4143 385 4204 nobis
403 4144 522 4219 reniret,
540 4140 637 4205 Deum
656 4161 809 4223 agnoscere
829 4141 965 4224 quicquid
983 4161 1068 4201 snum
1087 4146 1139 4214 est,
1159 4144 1246 4230 atquc

108 4227 194 4286 huius
219 4225 262 4284 rei
287 4223 430 4304 specimen
454 4225 483 4282 in
508 4223 608 4283 mamdi
631 4223 833 4304 gubernatione
857 4224 948 4282 edere.
979 4219 1105 4300 Quidam
1123 4237 1186 4278 rem
1203 4233 1246 4296 rp-

109 4323 172 4366 sam
196 4323 253 4386 pro
278 4305 408 4383 personis
431 4304 588 4384 accipiunt,
607 4304 666 4364 acsi
686 4303 817 4378 dixisset,
836 4301 974 4362 Homines
992 4300 1175 4360 tristitiarum:
1196 4293 1247 4356 sed

111 4385 214 4448 melius
232 4383 368 4446 mevenit
381 4383 501 4446 literalis
520 4401 636 4462 sensus*
650 4379 715 4444 Deo
735 4390 845 4464 gratam
864 4401 926 4446 csse
944 4377 1152 4460 rectitudinem,
1170 4379 1248 4442 ideo·
1325 4394 1343 4439 ,’
