2836 4886
495 317 827 364 tarnuanense.
1115 309 1118 316 ’
1185 321 1240 380 479

78 447 233 512 cordibus
252 449 366 523 nostris,
387 447 535 528 proprium
555 465 619 506 esse
638 443 703 506 Deo
723 451 751 504 et
772 439 957 528 inseparabile
975 443 1110 506 exaudire
1131 464 1239 526 preces,

75 524 1242 670 tt}tttstttttttltttt{ituit,atttttttt‘tt

77 631 230 750 rhbimus.
261 686 320 748 Nec
340 689 434 748 minus
448 649 556 746 notatu
576 625 701 766 tlignuul³
713 623 855 765 esquuod
875 685 1013 765 sequitur,
1033 685 1098 745 ideo
1117 624 1239 748 corrogare
1290 694 1292 703 ’

78 793 208 832 ornarem
227 770 269 830 od
281 771 379 830 Deum
398 777 569 830 murum.-
587 767 654 846 quia
674 766 758 824 sicuti
777 782 863 824 nemo
882 782 979 848 puram
999 763 1068 824 Deo
1084 766 1184 826 sistere
1203 787 1236 828 se

79 850 221 924 auderet,
240 850 294 908 nisi
314 866 466 928 persuasus
485 851 561 906 esset
579 864 647 905 eom
666 843 719 906 sibi
735 843 797 904 fore
811 844 993 919 exorabilem,
1013 845 1053 904 ita
1069 843 1117 905 ubi
1132 854 1237 927 sponte

81 931 218 990 occurrit
237 948 272 990 aa
291 927 457 1008 pronuntiat
475 945 535 986 nou
554 924 660 984 frustra
679 943 711 982 so
729 924 871 999 invocari,
900 931 998 1004 aperta
1019 932 1062 986 eat
1075 926 1181 1001 ianua,
1202 933 1236 989 nt
1320 935 1324 942 '

81 1009 223 1068 certatim
244 1023 343 1068 omnes
363 1006 399 1066 ad
418 1025 485 1066 eom
504 1005 659 1066 conlluaut.
699 999 761 1064 Etsi
787 1005 863 1064 enim
883 1003 1052 1142 hypocritae
1071 1009 1101 1064 st
1121 1006 1235 1086 profani

80 1089 234 1162 homines,
254 1088 323 1148 dum
338 1087 503 1147 necessitate
519 1089 665 1164 urgentur,
685 1089 753 1144 vota
767 1081 796 1142 ln
812 1090 909 1162 aerem
929 1083 1049 1144 ouduutr
1071 1082 1234 1148 hortamen

83 1187 150 1228 non
173 1176 218 1228 est
237 1167 273 1227 ud
293 1167 389 1226 Druna
409 1183 483 1226 vere
496 1164 640 1238 accedere,
659 1163 709 1224 ubi
728 1162 796 1223 helei
815 1163 1011 1224 certitudinem
1031 1184 1090 1224 non
1109 1165 1235 1232 afferunt

85 1269 129 1309 ex
146 1247 204 1308 Dei
219 1247 307 1306 verbo
327 1251 505 1326 conceptam,
524 1243 575 1305 sed
589 1242 714 1325 pendent
732 1242 768 1303 ah
788 1245 1001 1324 exspectatione
1020 1239 1130 1304 lo'rtuiti
1149 1263 1234 1305 even·
1281 1307 1287 1323 q

85 1336 148 1388 tus.
170 1327 356 1387 Praeluceant
369 1343 438 1406 ergo
453 1321 510 1384 Dei
524 1323 726 1406 promissiones
741 1342 857 1383 necesse
869 1329 920 1390 est.
941 1327 973 1384 ut
992 1323 1039 1384 via
1058 1325 1113 1382 rite
1133 1325 1234 1386 orandi

88 1414 200 1489 pateat,
221 1408 288 1488 quia
307 1405 363 1465 illis
383 1403 511 1474 sublatis,
531 1401 715 1485 prohibemur
733 1417 751 1462 a
767 1399 823 1464 Dei
843 1421 968 1478 accesso,
987 1404 1077 1464 sicuti·
1090 1403 1168 1464 huno
1188 1425 1233 1466 or·

87 1489 191 1548 dinem
211 1487 309 1546 statuit
322 1483 431 1546 Paulus
451 1481 637 1565 edEphesins
656 1491 693 1542 ca
711 1483 749 1542 ‘te
767 1483 864 1556 tertio,
884 1487 932 1545 12.
951 1489 986 1544 ut
1002 1484 1133 1564 quisquis
1150 1503 1233 1545 acce-

86 1568 159 1627 dere
179 1567 215 1628 ad
234 1565 332 1626 Deum
351 1565 445 1646 eupit,
464 1563 609 1646 praeditus
628 1565 665 1622 sit
696 1562 741 1623 ule
760 1581 812 1678 per
833 1562 995 1632 Christum,
1014 1582 1089 1644 quae
1108 1583 1176 1624 eum
1195 1563 1233 1624 ad

85 1647 227 1708 fiduciam
247 1645 361 1706 animet.
401 1643 476 1703 Hinc
495 1642 668 1724 colligimus,
693 1661 819 1722 reguiam
840 1641 972 1722 precandi
992 1643 1101 1703 nullam
1120 1662 1182 1704 esse
1202 1645 1232 1704 ln
1315 1649 1322 1661 “

87 1725 132 1786 Pa
155 1733 215 1800 atu,
235 1725 284 1785 ubi
304 1723 449 1804 suspensis
468 1727 498 1782 et
518 1721 610 1782 dubiis
629 1722 732 1782 animis
752 1740 865 1802 semper
883 1721 980 1782 Deum
1000 1729 1090 1782 orant,
1118 1721 1234 1784 Inaesti-

87 1749 198 1868 mahile
216 1812 312 1865 autem
332 1822 445 1883 semper
463 1807 508 1862 est
526 1801 708 1882 privilegium
727 1800 785 1862 hoc
804 1801 882 1882 quod
897 1799 1144 1883 perllvangelium
1164 1823 1232 1864 cou-

89 1887 255 1965 sequimur,
280 1888 312 1942 ut
334 1881 406 1942 liber
430 1879 513 1942 nobie
536 1879 574 1940 ad
593 1879 690 1942 Deum
709 1881 852 1963 ingressus
872 1889 974 1962 pateat.
1014 1880 1140 1942 Omnem
1160 1902 1232 1942 vcro

90 1983 209 2024 carnem
229 1962 396 2044 generaliter
413 1963 564 2022 nominans
583 1959 742 2042 Propheta,
767 1959 891 2022 breviter
909 1962 1030 2036 indicat,
1056 1962 1135 2042 quod
1161 1968 1231 2022 tuuc

90 2043 236 2124 singulare
265 2047 327 2103 erat
351 2041 475 2116 ludaeis,
503 2041 566 2101 lore
595 2039 748 2132 aliqupndo
778 2041 889 2101 cunetis
913 2040 1045 2122 gentibus
1069 2059 1233 2103 commune.

90 2124 192 2206 Atque
210 2124 250 2184 ita
270 2121 434 2182 vaticinium
454 2126 499 2182 est
517 2119 554 2181 de
572 2119 670 2181 laturo
690 2119 797 2180 Christi
815 2138 912 2202 regno.

172 2201 201 2264 4.
227 2204 322 2264 Verbo
341 2210 541 2298 intputtotum.
576 2197 647 2261 No'u'
661 2201 847 2282 conqueritur
864 2201 1006 2290 populum
1025 2200 1103 2262 loisis
1122 2201 1229 2272 calum
1254 2251 1261 2267 .

90 2284 145 2344 niis
198 2284 284 2358 avari,
304 2283 354 2342 sed
374 2281 539 2364 simpliciter
557 2280 663 2342 latetur
680 2281 843 2362 iniquitates
862 2299 927 2342 esse
945 2280 1095 2342 obstaculo
1118 2285 1231 2362 quomi-

89 2383 145 2423 nus
195 2381 246 2424 eus
266 2381 320 2444 pro
338 2381 419 2422 more
438 2361 551 2423 facilem
570 2379 601 2420 se
620 2365 650 2421 et
668 2359 825 2421 humanum
845 2359 956 2422 ludaeis
970 2361 1110 2422 exhibeat.
1152 2361 1231 2423 Con·

91 2443 172 2502 venit
194 2449 289 2502 autern
314 2441 361 2502 hic
383 2443 464 2502 locus
489 2459 555 2502 curn
579 2440 755 2502 illalesaiae
778 2443 876 2516 59,1.
917 2440 983 2502 Non
1006 2447 1050 2503 est
1074 2447 1230 2523 aggravata

91 2524 168 2582 auris
183 2521 311 2581 'Domini
341 2523 494 2602 quominus
523 2522 632 2581 audiat:
662 2521 711 2582 sad
741 2522 903 2602 iniquitates
927 2529 1043 2582 nostrae
1066 2523 1229 2584 distantiam
1318 2537 1325 2546 '

114 2607 205 2660 ouant
223 2601 297 2659 inter
316 2619 369 2660 uos
389 2607 420 2660 et
438 2602 541 2682 ipsum.
581 2599 613 2660 lu
634 2617 757 2674 summa,
776 2599 854 2680 quod
869 2599 952 2662 Deus
971 2604 1020 2682 qui
1041 2621 1109 2662 suos
1127 2603 1229 2663 libera-

93 2625 158 2742 llter
175 2682 273 2740 iuvare
292 2679 374 2754 solet,
394 2681 453 2740 imo
473 2681 593 2742 comiter
611 2685 642 2740 et
661 2679 763 2740 blande
782 2680 819 2740 ad
837 2683 989 2752 reinvitat,
1009 2699 1125 2742 manum
1145 2701 1228 2744 suam

93 2761 128 2820 ad
154 2767 268 2840 tempus
292 2758 423 2834 retrahit,
449 2759 535 2819 huius
560 2758 628 2820 mali
652 2759 767 2840 culpam
787 2760 847 2819 aula
865 2767 895 2820 et
913 2759 1013 2842 populi
1034 2763 1157 2841 peccatis
1175 2765 1227 2822 im·

94 2847 175 2922 putat
195 2837 298 2899 David.
338 2837 410 2898 Nam
432 2841 527 2920 priore
545 2838 610 2900 loco
635 2846 747 2900 reatum
771 2856 857 2900 auum
876 2841 1018 2920 agnoscit,
1043 2842 1227 2936 quemadmo-

71 2921 161 2978 1rlom
180 2918 283 2978 Daniel
303 2920 387 3000 capit.
407 2921 436 2992 9,
455 2935 530 2978 vers.
550 2921 578 2982 5.
598 2919 648 2979 sed
668 2939 737 2979 mox
757 2925 852 2979 totum
871 2919 1012 3001 pupulum
1036 2920 1090 2980 srbi
1117 2923 1229 2982 socium
1269 2937 1277 2948 ·

95 2999 226 3080 adiungit.
266 2997 349 3057 Hanc
367 3017 436 3058 vero
454 3000 623 3059 sententiam
643 2999 762 3058 inservit
773 2997 926 3080 Propheta,
945 3019 1005 3060 uon
1024 3006 1136 3060 uteret
1155 3001 1227 3061 alios
1330 3037 1332 3044 ι

94 3078 254 3160 prohiberet
273 3077 308 3137 ab
329 3077 630 3151 nunciatumque
650 3079 746 3218 quitus
765 3085 799 3139 ut
821 3097 908 3160 supra
933 3077 1112 3140 obstaculum
1134 3097 1226 3142 eruer-
1323 3076 1326 3088 ¹

96 3163 179 3240 geret,
199 3157 278 3238 quod
297 3150 406 3218 arceret
424 3163 544 3218 coaetos
563 3165 655 3220 morta
667 3177 698 3218 es
717 3177 734 3219 a
754 3155 813 3218 Dei
829 3167 977 3220 sacremus
996 3160 1050 3220 nisi
1070 3166 1228 3221 statuerent
1355 3225 1364 3244 Ι

95 3239 221 3318 indignos
240 3254 356 3318 quoqne
375 3237 512 3298 exaudiri
551 3236 702 3298 Probabile
727 3257 798 3300 vero
823 3245 868 3299 est
885 3241 1027 3320 praesenti
1051 3239 1148 3320 aliquo
1167 3242 1229 3302 irae

57 3330 62 3338 ‘
96 3316 148 3377 Dei
167 3319 248 3399 signo
268 3317 416 3398 perculsos
435 3317 522 3378 luisse
540 3325 610 3378 tunc
628 3318 736 3392 fideles,
756 3319 823 3398 qnia
843 3319 1026 3380 contralranc
1040 3320 1227 3381 tentationem
1278 3331 1281 3339 ’

95 3397 215 3458 luctetur
225 3394 329 3456 David.
360 3395 451 3458 Porro
470 3397 600 3458 videmus
619 3399 648 3458 in
690 3406 806 3480 romptu
825 3399 851 3460 ei
867 3399 954 3462 lesisse
973 3397 1140 3472 remediatur,
1160 3401 1227 3480 quia

96 3473 281 3558 cx'upposito
301 3483 416 3558 reputat
433 3480 583 3558 proprium
602 3417 729 3538 casellei
748 3496 853 3538 munus
873 3478 941 3538 dare
960 3480 1074 3539 maiam
1093 3481 1225 3560 peccatis,

96 3575 181 3638 eaque
200 3557 324 3638 expiare.
365 3556 408 3617 lta
428 3557 474 3616 hic
493 3575 610 3638 quoque
629 3577 729 3618 versus
753 3576 820 3618 eum
838 3559 977 3639 superiori
997 3561 1112 3618 contexi
1132 3557 1225 3632 debet,

96 3643 177 3718 atqua
195 3636 373 3696 adversative
392 3636 506 3710 resolvi,
526 3637 583 3697 hoc
601 3637 699 3704 modo.
720 3635 861 3716 Quamvis
877 3639 1040 3718 iniquitates
1058 3645 1173 3699 amhae
1192 3646 1227 3698 nt

96 3715 600 3858 ttttt'ttttttt'tttt
612 3723 880 3858 tatttt‘tttt
893 3719 1225 3860 '‘t'ttttttntttt

98 3875 266 3956 abrumpent.
307 3815 570 3936 Doccmurhutem
591 3876 647 3937 hoc
665 3839 747 3953 loco:
771 3897 830 3938 nou
855 3819 938 3938 alithr
956 3880 1070 3938 choram
1089 3875 1224 3938 Deuma

99 3952 172 4012 nohis
191 3975 283 4035 possc,
303 3957 356 4016 nisi
377 3956 446 4040 hum
466 3955 631 4038 supphcitcr
649 3959 762 4017 taniam
772 3957 958 4039 deprecamur
966 3958 1070 4018 uostris
1083 3958 1223 4054 pcccatis.

100 4030 199 4092 lntereu
219 4035 403 4098 dubitandam
423 4055 482 4096 non
502 4043 546 4095 est
565 4038 634 4118 quin
654 4039 775 4117 gratuita
795 4035 978 4119 peccatorum
987 4035 1223 4098 remiseroDeuua

99 4110 172 4170 nohis
191 4113 328 4173 conciliet.
369 4115 457 4194 Quod
483 4116 506 4175 si
528 4116 671 4198 paulisper
694 4118 813 4200 qratiam
837 4137 918 4178 suam
938 4117 1119 4177 submoveats
1137 4117 1222 4178 adeo-

101 4209 150 4270 que
168 4196 277 4270 tergum
296 4192 377 4254 nohis
397 4195 541 4262 obvertat,
565 4193 684 4258 Danielis
703 4203 799 4258 tannen
818 4197 952 4279 exemplo
971 4197 1007 4256 ad
1027 4215 1107 4276 spem
1126 4197 1223 4278 expia·-

94 4269 174 4330 tionls
192 4289 339 4352 erumpere
359 4277 501 4340 convenit.
531 4273 618 4353 Quod
638 4277 773 4337 sinrulari
792 4297 912 4338 numero
932 4277 1036 4337 latetur
1049 4293 1080 4336 ee
1099 4277 1226 4356 peccatis

101 4349 234 4430 obrutum,
253 4351 327 4411 ratio
346 4353 440 4414 afferri
461 4363 563 4434 potest,
584 4358 660 4436 quod
673 4321 737 4417 ilex
757 4377 847 4438 quarn
867 4363 949 4429 esset,
969 4361 1062 4415 totum
1081 4355 1221 4438 populana

101 4429 328 4512 repraesentabat:
352 4433 399 4492 rel
423 4433 501 4514 quod
521 4433 575 4496 hae
595 4437 714 4498 domnoli
734 4437 835 4513 torma,
860 4437 943 4497 sicuti
963 4433 1075 4510 Daniel,
1095 4435 1221 4516 singulus
