2818 4886
474 288 519 332 rs
546 285 704 330 scasas
731 283 819 331 arur.
1163 289 1217 348 113

156 411 224 476 Non
244 433 349 495 parum
360 405 407 478 'ad
426 429 486 476 rem
506 412 574 474 iacit
593 409 730 552 temporis
749 411 869 488 notatio,
887 417 921 474 nt
939 413 1060 474 edamus
1071 411 1214 478 Davidem

68 493 161 554 rebus
202 495 293 554 acatis
316 513 378 552 nou
398 493 556 554 luxuriasse
579 493 611 554 iu
634 511 651 554 e
671 493 712 554 ria
737 491 858 552 laetitias
882 489 965 552 sicuti
988 493 1100 574 profani
1121 493 1213 555 bomi-

66 593 133 648 nes‚
155 593 176 632 u
197 575 205 588 '
229 570 299 634 'data
324 579 368 632 est
391 573 448 632 illia
467 591 484 632 a
507 565 589 632 malis
613 571 768 646 relaxatio,
787 590 908 632 excussa
934 569 1137 670 beueiiciopurn
1156 573 1213 636 Dei

67 654 224 726 mensoria,
243 651 291 710 vel
310 671 342 711 se
362 651 533 732 immergunt
551 652 582 710 iu
602 650 892 732 crassasvoluptatcs,
913 651 1068 738 veleristas
1088 653 1128 713 eri
1152 662 1212 730 unt

66 733 119 792 vel
139 733 294 792 iadantiae
314 749 383 791 suae
403 731 487 790 fumis
506 729 564 790 Dei
583 731 702 811 gloriam
722 729 883 790 obscurant.
914 727 1109 794 Refert-euim
1122 733 1211 793 basra

66 810 202 882 historia,
223 831 316 891 quum
335 811 393 870 iam
413 817 504 870 aetate
523 809 582 888 lere
611 811 758 872 coniectus
788 815 872 882 esset,
892 809 1101 891 defunctusque
1122 815 1212 874 omui·

65 890 123 950 bus
144 891 287 952 molestiis
307 891 420 970 quietus
430 890 550 965 sederet,
570 891 703 950 cecinisse
713 889 769 950 boc
784 891 925 950 cauticum
934 888 1073 962 Domino,
1093 891 1210 952 ibam.
1290 961 1292 971 Ι

65 974 117 1032 22.
139 968 271 1050 cupite]
287 967 432 1030 Convemt
451 971 538 1030 etiam
556 969 702 1050 inscriptio
722 968 803 1045 baec,
844 987 979 1030 uamnon
998 976 1105 1030 temere
1124 967 1212 1040 inisse

64 1051 250 1130 appositam,
279 1069 317 1110 ex
342 1049 403 1109 istis
426 1048 584 1110 rationibus
615 1049 782 1130 colligimus.
822 990 949 1130 bempus
977 1065 1047 1109 vero
1072 1049 1210 1131 designat,

66 1137 227 1210 postquam
248 1147 316 1188 eum
328 1127 408 1189 Deus
427 1130 570 1210 eripuerat
589 1126 625 1188 ab
645 1129 777 1188 omuibus
796 1127 926 1202 inimicis,
946 1133 979 1188 ut
998 1129 1119 1188 sciamus
1140 1137 1210 1192 tuuc

65 1208 1208 1384 t'tttd'tt'ltttltgttt*tttfflttmpdtttt‘t‘ttttt

69 1367 134 1428 iude
153 1374 366 1428 renovarentur
385 1374 547 1443 aerumma,
566 1366 632 1428 finis
651 1367 736 1428 unius
756 1365 832 1441 bellu,
851 1367 963 1428 initium
983 1374 1058 1426 esset
1077 1367 1208 1428 alterius:

71 1449 128 1508 imo
146 1466 197 1508 sae
256 1447 426 1529 multiplices
446 1449 545 1530 copiae
564 1445 700 1508 adversus
719 1466 785 1508 enm
796 1451 952 1528 surgerent
977 1443 1035 1504 Vix
1045 1447 1120 1506 enim
1131 1450 1207 1528 quis·

112 1547 157 1587 am
213 1528 258 1586 'us
283 1529 439 1608 reperietur
463 1527 607 1588 amundo
626 1534 737 1602 nmio,
764 1546 850 1608 quem
870 1533 928 1586 tam
949 1527 1026 1584 varie
1045 1523 1213 1588 exercuerit

72 1547 159 1668 bueus.
201 1605 261 1680 Sed
281 1608 348 1687 quia
367 1608 442 1666 enim
462 1607 602 1668 crudelius
622 1627 710 1688 quam
723 1605 826 1687 reliqui
846 1623 954 1678 omues,
975 1605 1140 1686 maioreque
1160 1606 1204 1668 iu·

70 1705 134 1746 rore
157 1693 190 1748 et
214 1688 369 1768 pertinacia
387 1685 458 1746 Saul
483 1693 672 1768 persequutus
696 1686 801 1746 iuerat:
827 1685 892 1745 ideo
913 1685 1016 1746 diserte
1035 1687 1206 1765 exprimitur

68 1767 130 1826 eius
149 1786 267 1842 nomen,
287 1786 377 1846 quum
396 1767 476 1848 prius
494 1767 632 1846 generalis
646 1765 720 1826 sacta
739 1771 815 1826 esset
834 1763 1106 1824 omniumbostium
1124 1785 1204 1826 meu·

67 1847 121 1905 tio.
151 1843 252 1926 Neque
276 1847 352 1905 euim
378 1853 523 1928 postremo
548 1845 613 1906 loeo
637 1847 754 1926 ponitur
779 1845 860 1924 quasi
884 1849 960 1904 esset
978 1845 1134 1919 recentior,
1155 1847 1205 1926 qui

68 1925 133 1985 iam
152 1931 218 1986 autc
236 1944 323 1986 muos
343 1927 454 1986 circiter
473 1927 587 2005 triginta
606 1930 825 1998 monument,
844 1924 954 1984 accius
964 1929 1057 1984 morte
1076 1927 1204 2005 complu·

68 2023 122 2064 res
142 2011 254 2066 exteros
270 2005 367 2068 hostes
386 2005 577 2068 debellaverat
595 2005 656 2086 ipse
668 2003 774 2079 David,
793 2011 823 2064 et
841 2003 1065 2064 coniurationem
1083 2003 1204 2066 filiiAb-

66 2083 167 2146 salom
187 2085 352 2146 extinxerat.
391 2083 470 2164 Quia
493 2105 562 2166 ergo
587 2085 715 2167 apprime
734 2083 808 2144 banc
831 2103 894 2144 esse
916 2082 1129 2146 memorabilem
1147 2083 1204 2146 Dei
1280 2104 1295 2126 ··

65 2166 194 2262 gratiam
210 2172 337 2240 noverat,
362 2165 440 2246 qnod
460 2185 511 2262 per
529 2173 574 2226 tot
592 2185 682 2226 anuos
701 2164 738 2226 ab
757 2165 911 2260 innumeris
931 2163 1203 2260 mortibuselapsus

64 2245 697 2408 ttmttrttttttttttiit
711 2243 1203 2406 {iiis‘i‘sslgdfitdillibi
1241 2351 1252 2408 a

64 2408 113 2466 ius
131 2403 307 2470 liberationis
326 2404 474 2466 historiam
493 2405 623 2467 celebrat.
653 2411 777 2467 &oum
794 2402 854 2466 Dei
870 2423 903 2466 se
921 2405 1081 2478 nominans,
1101 2403 1201 2466 desua

62 2487 220 2545 secutione
238 2485 316 2546 haud
335 2485 419 2546 dubie
438 2487 535 2546 testari
554 2485 660 2546 voluit:
681 2487 864 2566 acsinegaret
883 2503 914 2544 se
934 2489 1040 2544 temere
1059 2485 1201 2546 involasse

61 2567 95 2626 iu
176 2585 253 2660 aum,
271 2564 327 2660 ¹sed
351 2571 462 2626 tautum
482 2564 538 2626 Dei
563 2565 679 2661 oraculq
703 2567 839 2662 paruisse.
878 2563 958 2660 llaec
977 2570 1078 2660 autem
1100 2563 1132 2624 iu
1155 2570 1201 2624 tot

60 2665 110 2784 l...
128 2724 196 2797 nr,
216 2645 725 2806 tittttttttttttttt
744 2642 1200 2806 tttttttl⁰⁰tttt⁸'.tt

58 2805 91 2866 in
117 2803 208 2864 rebus
231 2803 356 2864 adversis
369 2804 496 2866 bomine
519 2805 663 2878 miserius,
692 2806 717 2864 si
740 2804 845 2882 ingenii
869 2805 915 2864 sui
940 2808 1022 2862 motu
1047 2803 1199 2864 discrimen

56 2884 157 2944 subiit.
200 2882 321 2964 Optimo
340 2885 435 2966 itaque
454 2885 572 2944 consilio
587 2882 682 2942 David
700 2890 835 2944 testatum
853 2901 916 2942 esse
933 2883 1036 2955 voluit,
1055 2901 1086 2942 se
1105 2901 1200 2961 usque

59 2964 222 3024 ambitione
241 2963 329 3025 fuisse
348 2964 502 3046 impulsum
526 2962 563 3023 ad
587 2961 658 3022 baec
677 2963 845 3034 certamina,
870 2959 973 3040 quibus
992 2961 1117 3042 graviter
1135 2979 1198 3040 per·

59 3043 158 3102 culros
183 3041 253 3116 fnit,
277 3061 370 3129 neque
389 3043 471 3104 malis
490 3042 598 3106 artibus
617 3041 792 3122 praetentas
811 3039 964 3122 quiequam
984 3043 1121 3100 tentasse:
1148 3039 1199 3098 sed

60 3123 241 3203 praeluxisse
251 3120 307 3183 Dei
325 3123 499 3184 mandatum.
529 3121 617 3200 Quod
636 3119 720 3182 uobis
739 3121 856 3202 cognitu
874 3137 935 3179 uon
943 3137 1044 3200 parum
1064 3117 1197 3194 udisset,

59 3221 97 3262 ue
112 3203 326 3263 immunitatem
345 3221 490 3283 speremus
508 3201 545 3262 ab
565 3203 643 3262 omni
663 3201 802 3274 molestia,
821 3199 871 3260 ubi
880 3199 1026 3284 sequimur
1044 3204 1197 3260 vocantem
1267 3246 1269 3257 ,

59 3279 172 3342 Deum:
194 3282 245 3342 aed
264 3301 318 3342 noa
336 3284 431 3363 potius
451 3281 487 3344 ad
507 3283 608 3342 duram
626 3281 755 3342 militiam
774 3297 916 3361 paremus.
955 3276 1033 3357 lingo
1044 3276 1128 3338 Servi
1146 3297 1198 3338 no·

58 3381 126 3422 meu
150 3361 191 3422 sd
215 3361 360 3442 publicum
384 3381 489 3422 munus
513 3361 570 3422 boc
592 3361 663 3422 loeo.
683 3361 728 3438 (ut
752 3379 837 3442 saepe
856 3358 936 3436 alibi)
955 3358 1091 3418 retertur:
1111 3357 1197 3419 sicuti

60 3461 150 3521 quum
171 3438 335 3580 Proquetue
358 3447 388 3502 et
406 3439 539 3538 Apostoli
564 3461 595 3501 se
614 3439 671 3501 Dei
694 3459 794 3502 servos
818 3445 937 3513 vocant,
962 3438 1022 3498 acsi
1041 3436 1147 3498 diceret
1166 3455 1197 3498 se

57 3541 117 3588 non
130 3532 208 3582 “esse
261 3539 341 3599 egem
365 3541 383 3582 a
402 3539 496 3602 serpso
515 3528 656 3594 creatum,
676 3519 727 3580 sed
746 3518 891 3580 Divinitus
910 3519 1040 3578 electum.
1079 3515 1197 3578 Interim

58 3601 143 3680 digua
164 3599 320 3662 observatu
339 3607 383 3660 est
402 3601 619 3675 eiusmodes'da‚
639 3600 718 3680 qnod
738 3605 782 3660 tot
801 3599 927 3658 victoriis
940 3596 1053 3669 nobilis,
1074 3599 1196 3679 totgeu·

57 3681 128 3740 tium
148 3677 285 3754 densiter,
310 3686 388 3740 unta
409 3681 545 3760 dignitate
564 3687 592 3740 et
616 3680 761 3760 opulentia
781 3678 934 3760 praeditus,
953 3697 1012 3736 uon
1031 3677 1088 3736 alio
1108 3695 1196 3757 quam

55 3761 131 3819 servi
151 3757 212 3818 Dei
232 3759 325 3840 elogio
345 3779 375 3819 se
395 3761 449 3820 insi
488 3760 523 3819 it:
544 3761 602 3820 acsi
621 3759 677 3820 boc
696 3759 774 3819 omui
794 3757 893 3818 muudi
912 3759 1083 3837 praestantia
1103 3757 1193 3839 magis

54 3837 251 3900 honorificum
271 3835 408 3914 censeret,
428 3781 549 3900 fillum
567 3859 672 3901 munus
691 3858 709 3900 a
727 3837 794 3900 Deo
813 3839 972 3921 iniunctum
992 3833 1103 3897 obiisse.

140 3986 176 4053 2
199 3983 244 4054 Et
265 3983 354 4071 dixit,
376 3985 513 4080 Diligarn
534 3997 567 4055 te
584 3985 701 4054 lebova
723 3985 874 4054 fortitudo
897 4007 978 4052 mea.
1023 3980 1054 4050 3.
1077 3979 1194 4050 lehova

52 4103 139 4184 petra
170 4115 262 4175 mea,
282 4093 416 4162 munitio
440 4117 526 4176 mea,
553 4103 585 4160 et
605 4093 752 4161 liberator
772 4113 878 4173 meus:
906 4089 996 4156 Deus
1018 4109 1120 4168 mous,
1146 4109 1194 4152 ru-

50 4223 106 4288 pes
130 4223 217 4283 mee,
227 4199 362 4290 sperabo
385 4199 417 4268 in
439 4224 495 4269 eos
513 4199 643 4292 clypeus
665 4215 766 4284 meus,
788 4209 821 4267 et
842 4219 941 4266 cornu
963 4193 1072 4262 salutis
1094 4195 1193 4274 meaej
1244 4253 1255 4274 ,

49 4306 210 4397 reiugimn
232 4327 351 4374 meum.

72 4415 181 4458 cstvtm
194 4413 220 4456 in
233 4410 423 4462 numne-,n
875 4395 894 4455 8
