2730 4882
183 123 189 158 l

869 179 879 212 t

446 281 672 324 rsesaen
709 283 793 325 evm.
1081 337 1087 346 ,
1151 281 1207 343 ild

148 409 195 469 11.
217 407 392 468 ladoditor
410 415 514 469 hosius.
546 405 631 488 Quen
654 427 719 467 uam
739 383 853 466 videtui*
871 405 1005 480 effectum
1024 425 1042 468 u
1061 407 1108 490 pta
1127 395 1204 470 mad·

29 487 218 546 suetudine
239 483 322 567 longe
341 494 483 547 remotum
503 489 584 547 iustis
605 429 740 547 tribueres
760 489 784 546 si
804 493 898 546 tomen
918 489 1056 550 memorio
1075 495 1205 551 tenemus

33 565 145 646 quod
166 565 233 626 alibi
253 568 365 647 saepius
385 567 460 639 dixi,
485 567 593 627 laudari
613 585 630 626 o
651 565 761 626 Da'vids
781 585 870 646 puros
890 573 920 626 et
939 565 1011 626 bene
1030 571 1204 705 compositos

33 647 201 720 affectus,
225 647 261 711 in
275 665 310 707 eo
330 644 401 707 nihil
423 654 465 706 est
485 645 612 720 absurdi,
638 645 734 706 tidcies
755 645 828 706 duee
848 651 877 705 et
896 645 1076 706 moderatore
1107 647 1205 728 'piritu
1251 653 1258 664 '

32 732 165 785 sancto
210 725 325 785 audium
345 747 383 785 ex
404 724 459 786 Dei
479 725 588 786 iudiciis
607 728 761 808 percipere.
801 723 884 784 Unde
903 727 979 784 enim
999 724 1033 784 fit
1053 731 1085 784 nt
1105 727 1203 788 erude-

32 803 127 864 liter
148 747 235 884 reigo
256 805 396 886 gaudeant
415 805 543 866 homines
563 807 682 868 inimicis
702 806 761 864 suis
782 805 971 884 pereuntibus,
991 805 1044 863 nisi
1065 807 1203 885 quietur-

36 884 139 944 bidis
157 884 336 981 passionibus
363 883 433 960 odii,
458 886 619 946 iracundiae
638 892 666 946 et
686 883 875 966 impatientiae
895 884 1043 944 lemnlur‘l
1061 891 1094 942 ut
1113 885 1204 944 vindi-

34 971 142 1022 ctam
161 971 380 1046 intemperanter
398 965 552 1046 expetant?
571 963 647 1044 Ergo
668 963 715 1024 ubi
736 951 898 1024 dominator
916 981 993 1038 coro,
1012 962 1083 1021 nibil
1093 970 1203 1024 rectum

36 1051 101 1104 est
132 1043 180 1104 vel
205 1046 357 1110 sincerum.
397 1043 457 1122 Qui
482 1063 551 1104 vero
572 1043 696 1125 Spiritus
716 1044 777 1103 zelo·
797 1045 889 1102 instas
907 1041 964 1103 Dei
983 1042 1124 1102 vindictae
1143 1045 1202 1104 oni·

35 1143 145 1184 mum
165 1143 249 1184 snum
270 1123 515 1199 conformatione
534 1125 628 1184 minos
648 1128 726 1184 recte
745 1123 877 1204 gaudebit
897 1123 1008 1203 quoties
1033 1139 1140 1202 poenes
1163 1123 1203 1184 di·

42 1205 174 1263 vinitus
198 1195 302 1284 impiis
318 1211 414 1264 cernet
437 1205 541 1284 infligi,
566 1223 652 1284 qnam
677 1204 838 1264 humaniter
863 1221 963 1262 eorum
988 1203 1202 1262 conversionem
1272 1271 1273 1278 ἵ

40 1281 184 1364 optabit,
204 1290 236 1344 ot
256 1283 327 1343 salvi
346 1282 426 1354 fient.
466 1283 565 1344 Sicuti
578 1286 653 1344 enirn
672 1280 769 1341 Deum
789 1301 840 1341 son
859 1281 1050 1341 misericordie
1069 1299 1128 1342 oon
1147 1283 1201 1340 im-

43 1361 144 1443 pedit
171 1365 324 1444 quominus
347 1365 516 1445 tempeative
541 1381 657 1423 severus
682 1365 719 1423 sit
742 1361 829 1422 iudex
853 1361 902 1421 ubi
926 1361 1022 1420 nullos
1041 1367 1087 1420 est
1103 1363 1202 1442 resipi-

27 1443 190 1502 scentiae
219 1441 315 1504 loeus:
344 1462 398 1503 neo
422 1461 520 1504 rursus
545 1444 681 1503 severitas
704 1443 765 1503 eius
790 1440 955 1500 clementiae
978 1447 1131 1520 repugnat:
1161 1443 1203 1502 sic

45 1522 149 1582 etiam
175 1523 242 1582 iusti
267 1523 382 1582 iniurias
407 1521 516 1605 placide
541 1523 705 1596 tolerando,
730 1520 825 1581 hostes
850 1539 917 1584 suos
937 1519 1060 1580 libenter
1075 1521 1105 1579 in
1125 1522 1202 1580 viam

51 1601 166 1660 salotis
185 1609 362 1676 revocarent,
381 1609 410 1661 et
429 1603 594 1684 resipiscere
614 1603 730 1661 mallent
750 1617 836 1681 quam
857 1601 963 1680 perire,
982 1598 1031 1658 ubi
1049 1605 1144 1658 tamen
1164 1601 1203 1660 ed

49 1687 210 1742 maturum
228 1681 370 1743 vindictae
389 1688 502 1762 tempos
522 1701 572 1742 eos
592 1681 710 1742 adduxit
728 1697 782 1746 sno
800 1678 960 1753 obstinatio,
972 1680 1083 1738 iustam
1097 1678 1204 1740 hebent

53 1759 207 1841 gaudendi
226 1763 386 1822 materiam:
407 1765 474 1844 quia
493 1760 549 1822 boe
569 1761 655 1846 modo
675 1762 864 1846 sitammam
883 1757 948 1818 Deo
968 1759 1121 1838 pretiosam
1140 1778 1204 1819 esso

56 1845 240 1980 tilith-
253 1837 665 1981 nittiittts‘ilht
680 1841 859 1999 illiti}
882 1837 1026 1998 {timidis
1042 1837 1203 1978 linit

57 2001 103 2058 eit
120 2000 224 2060 instem
243 2000 395 2062 sceleribus
414 1997 575 2062 mercedem
593 2001 719 2081 rependi.
1149 2017 1153 2028 “

141 2083 195 2150 12.
215 2082 256 2140 Et
275 2083 350 2142 dicet
369 2083 466 2144 tomo.
505 2078 551 2140 Ex
571 2098 656 2140 consa
676 2085 705 2140 et
724 2075 781 2143 tine
801 2077 904 2160 gaudii,
924 2076 1015 2158 qualis
1035 2075 1082 2134 hic
1097 2075 1200 2136 deseri·

56 2155 156 2228 bitur,
181 2157 283 2218 clarius
303 2165 421 2242 apparet
440 2159 574 2220 allectum
594 2159 671 2218 bunc
689 2161 719 2218 in
739 2159 842 2218 sanetis
861 2177 965 2238 purum
985 2175 1047 2217 esse
1067 2157 1144 2214 omni
1160 2157 1199 2216 vi·

55 2239 113 2296 tio.
135 2233 311 2376 (quenquam
331 2239 444 2299 videtur
483 2239 567 2298 assim
588 2239 623 2298 ed
644 2237 934 2320 quosvis‘extendere
954 2235 1031 2318 quod
1051 2239 1202 2315 priostan-
1323 2261 1326 2270 ¹

54 2323 125 2376 tum
167 2319 283 2378 einstis
303 2317 422 2380 dixerat.
475 2318 524 2396 ed,
551 2320 597 2380 uia
616 2319 757 2380 consessio
776 2316 847 2378 haee
865 2335 924 2376 non
943 2321 1038 2396 potest
1057 2316 1109 2374 nisi
1130 2315 1201 2376 fide·

55 2395 140 2456 libus
159 2397 306 2478 quadrare,
328 2400 465 2482 quivere
485 2340 589 2460 ordiati
609 2405 684 2471 sunt,
703 2417 754 2458 eos
773 2397 850 2458 solos
870 2396 923 2455 snb
943 2396 1058 2458 nomine
1078 2391 1201 2454 hominis

57 2477 159 2538 notari
183 2473 316 2538 arbitror:
342 2497 408 2538 eum
433 2477 487 2538 hac
506 2479 744 2551 tamen-ratione,
767 2469 954 2556 ut'slgnifieet
976 2473 1072 2533 David
1092 2475 1199 2534 multos
1256 2552 1262 2560 .

104 2555 114 2612 i
140 2557 262 2636 perculsi
284 2557 398 2617 fueraut
421 2576 456 2617 oe
479 2556 598 2631 turbati,
630 2557 770 2617 redituros
794 2555 830 2615 ad
849 2555 1038 2634 ‘tranquillam
1062 2561 1198 2614 mentem.

56 2573 205 2710 &aarum
223 2655 295 2718 ergo·
311 2637 423 2698 nonnisi
441 2635 516 2698 filios
536 2635 592 2698 Dei
611 2637 765 2715 intelligat,
788 2635 890 2696 merito
909 2633 1054 2694 indefinite
1072 2633 1200 2714 loquitur

56 2714 146 2794 qnasi
169 2713 205 2774 de
224 2715 415 2777 multitudine:
441 2717 508 2796 quia
533 2718 638 2776 seimus
658 2734 744 2796 quam
764 2715 870 2774 multos
889 2731 936 2774 res
954 2714 984 2772 in
1004 2713 1112 2786 mundo
1132 2733 1198 2772 con-

58 2795 145 2853 tusae
165 2800 194 2853 et
214 2794 577 2856 inordinateeconcntiants
596 2797 645 2876 qui
664 2813 763 2856 rursus
783 2790 986 2876 patefactaDei
1005 2793 1121 2867 institia,
1140 2795 1199 2852 sni-

59 2891 128 2934 mos
153 2873 302 2954 colligunt,
326 2881 359 2935 ot
383 2877 488 2958 passim
511 2881 658 2936 mutentur
681 2875 784 2934 iudicia
808 2873 856 2932 ubi
878 2870 956 2932 Deus
980 2889 1097 2932 monum
1117 2891 1200 2932 suom

60 2971 81 3012 e
105 2951 187 3012 coelo
212 2955 324 3013 exserit.
365 2952 462 3036 Longe
487 2973 555 3030 ergo
580 2955 694 3036 lateque
717 2951 827 3035 patebit
849 2951 921 3012 baec
944 2951 1100 3027 confessio,
1124 2953 1199 3012 sicut

59 3033 150 3092 etiam
170 3031 237 3094 dicit
256 3031 367 3106 lesnias,
386 3037 434 3108 26,
455 3035 484 3097 9.
514 3031 569 3093 Ubi
589 3053 604 3094 a
627 3036 770 3114 paruerint
787 3033 891 3092 iudicia
910 3038 960 3090 tua
981 3029 1107 3104 oileus,
1119 3032 1198 3091 insti·

59 3111 133 3170 tiam
152 3111 260 3172 discent
280 3113 450 3173 habitatores
469 3119 572 3174 terroe.
602 3055 742 3194 &nemeis
763 3119 859 3172 antem
878 3111 1015 3192 particulo
1035 3115 1091 3205 ἸΝ
1110 3112 1199 3170 inteu-

61 3191 136 3249 dom
159 3191 323 3272 simpliciter
342 3193 464 3253 affirmet
483 3193 557 3274 opud
579 3191 737 3253 Hebraeos:
762 3194 828 3273 quia
848 3199 945 3251 tamen
965 3191 1078 3270 saepius
1097 3190 1199 3270 ampli-

61 3269 141 3346 tieat,
159 3289 217 3330 non
237 3271 334 3332 dubito
354 3273 422 3352 quin
442 3271 489 3333 hic
509 3271 692 3333 subaudenda
711 3275 747 3332 sit
763 3271 907 3331 antithesis
922 3273 996 3330 inter
1006 3270 1199 3346 tentationem,

63 3369 123 3429 qua
153 3359 322 3429 premuntur
348 3351 477 3411 infirmae
507 3359 617 3412 mentes
647 3355 813 3434 quantisper
831 3351 911 3410 Dens
936 3350 1090 3410 vindictam
1115 3368 1198 3410 roam

63 3429 220 3508 suspendit,
239 3437 269 3492 et
288 3429 422 3492 fiduciam
441 3449 527 3511 quom
548 3451 585 3491 ex
605 3433 666 3492 eius
685 3431 794 3492 indiciis
814 3431 987 3510 concipiunt.
1010 3429 1198 3490 Adversativa

63 3509 1197 3686 {i'ht'tititilithititillanttttlttttt'tt

584 3631 592 3666 ‚
1184 3623 1196 3640 .

62 3674 178 3884 fiilis·
202 3667 384 3808 „iiiiii”
398 3665 678 3830 littttttttlt
691 3673 836 3810 iiiiii
850 3669 893 3812 id
929 3669 1197 3809 t'titettti

76 3825 163 3900 ando,
188 3845 246 3886 non
270 3827 368 3888 ludere
388 3847 514 3910 operam.
538 3827 665 3909 ideoque
684 3829 736 3890 les.
758 3833 791 3900 3,
813 3833 860 3892 10.
880 3831 916 3889 ad
936 3828 1010 3888 hane
1029 3829 1197 3908 sapientiam
1316 3872 1319 3880 ,

63 3904 139 3964 filios
158 3903 212 3964 Dei
232 3907 300 3973 eniti
319 3905 406 3984 iubet,
426 3905 535 3983 Dicite,
556 3907 634 3968 lusto
654 3909 725 3970 bene
744 3912 810 3978 erit,
830 3909 955 3986 laborem
976 3927 1112 3968 mannum
1131 3925 1195 3968 suo-

63 4003 128 4044 rom
153 3985 297 4046 comedet:
342 3989 387 4046 nia
412 3989 464 4046 nisi
484 4007 554 4047 mox
574 3990 714 4049 iustorum
733 3989 867 4071 probitati
886 3991 1057 4069 respondeat
1075 3987 1195 4065 tructus,

67 4063 103 4122 ed
128 4063 310 4125 diffidentiam
321 4007 436 4126 debriet
455 4083 489 4128 ac
509 4069 678 4146 propinent
697 4071 824 4130 omnium
845 4071 945 4142 aoinri,
971 4067 1028 4127 acsi
1047 4065 1127 4127 Dens
1146 4067 1194 4128 ab

65 4145 134 4202 ieet·
158 4143 257 4204 mundi
281 4163 349 4206 coro
375 4147 465 4206 otium
489 4146 518 4206 in
539 4147 620 4206 coelo
639 4149 751 4208 coleret.
791 4148 859 4227 Qus
878 4149 915 4206 de
933 4167 965 4207 rc
984 4145 1074 4206 tusios
1092 4152 1195 4208 tra'cta·

67 4221 155 4281 bimos
175 4222 289 4283 Psalmo
307 4227 356 4290 7³.
374 4217 547 4285 '‘aattonem
573 4245 625 4286 eor
649 4229 743 4288 teneto
768 4249 836 4289 suae
860 4229 971 4308 pietatis
996 4245 1053 4286 non
1079 4237 1196 4289 careant

66 4301 115 4360 filii
133 4300 203 4378 Dei,¹
217 4303 352 4386 adiungit,
373 4307 439 4384 quin
458 4307 564 4365 scilieet
574 4309 656 4368 Deos
675 4319 717 4368 est
735 4311 825 4368 tudes
839 4309 951 4381 moedi,
971 4305 1032 4366 lieri
1047 4310 1124 4368 enim
1136 4327 1194 4368 non

68 4387 173 4460 potest,
196 4379 296 4444 oillei
321 4383 498 4464 providentio
523 4388 629 4465 regitur
654 4387 791 4464 mundos,
816 4390 885 4467 quin
910 4387 1024 4448 tandem
1044 4387 1194 4450 discrimen
