2854 4886
192 271 229 334 64
616 273 899 316 r.cnrrrr‹us
973 251 978 256 ’

194 349 277 462 illurn
297 397 403 494 virtute
421 396 553 494 spolient,
566 396 639 493 'idoli
657 403 753 492 antem
773 398 861 458 instar
879 395 1030 493 cqilDenn
1047 397 1077 458 si·
1090 397 1182 458 otiose
1202 383 1338 458 coemtio

196 484 365 552 contentus,
382 477 483 539 rudrcis
498 475 593 538 otlicro
608 496 639 538 ss
653 475 770 538 abdicet
784 475 887 550 ¹Deum
901 485 1007 558 rtuquc,
1026 477 1210 556 quantumin
1223 497 1256 538 se
1269 483 1339 548 est,

193 558 311 620 abolent
330 558 493 638 quicunque
507 557 650 648 'mundum
667 576 727 639 non
745 551 897 618 subiiciunt
915 558 976 618 eius
996 556 1198 637 providentioe,
1218 557 1268 617 vet
1287 553 1337 616 ed

68 661 71 674 ⁴
194 657 261 700 eum
279 636 432 716 regendum
452 655 512 696 non
530 636 655 698 sentium
672 654 788 698 monum
802 638 863 698 eius
876 655 939 696 esse
953 640 1109 696 aunum:
1134 633 1237 716 Neque
1253 655 1338 696 vero

90 2014 91 2020 ¹
195 1989 315 2076 potebat
338 2009 356 2050 a
379 2010 411 2050 ru

193 715 301 778 sufficit
323 715 452 796 trigidum
477 715 512 774 dc
535 715 637 776 iudicio
655 711 713 776 Dei
738 717 867 778 notitiam
891 717 1054 796 concipere:
1077 715 1147 795 quiq
1163 715 1188 775 is
1207 715 1339 776 demum

185 816 283 894 'qerns
308 793 567 890 estprovidentr'ae
586 795 648 855 eins
666 813 780 870 sensus,
804 796 931 891 quinos
950 797 981 856 in
1000 795 1339 890 eiurreverentincoffi
1418 817 1419 882 j

74 1012 76 1022 Α
193 872 709 1048 tltrt¹²¹‘t.tltc¹tlfttt⁰tt
749 873 1111 1036 ‘iffissaiffl‘isst
1124 893 1336 1030 tiliam&

194 1054 280 1116 psspe
299 971 390 1110 effi
404 1053 433 1092 rn
452 1033 556 1094 matum
575 1039 686 1128 purtem
704 1035 795 1116 accipi
813 1033 947 1106 miritror,
973 1052 1027 1114 pro
1047 1033 1148 1128 astutis
1167 1041 1196 1094 et
1217 1033 1335 1112 iniquis

158 1191 160 1198 χ
195 1109 425 1209 eogitqtionibuar
445 1118 480 1172 nt
497 1111 547 1173 itte
561 1119 604 1208 prt
620 1131 719 1174 sensus
738 1133 825 1195 quem
843 1114 952 1188 notavi,
972 1132 1062 1194 quum
1081 1113 1161 1202 rmpii
1175 1111 1249 1172 nihil
1264 1132 1333 1174 non

195 1193 350 1336 mqqqqnari
367 1189 585 1334 mmm
603 1191 669 1255 indc
686 1191 807 1276 liquare,
826 1213 942 1256 omnem
960 1189 1017 1252 Dei
1035 1197 1145 1254 metum
1163 1211 1203 1253 ex
1221 1207 1333 1254 corum

194 1293 231 1336 co
293 1291 327 1334 us
345 1289 408 1334 esse

282 1445 315 1516 5.
334 1443 564 1536 prosperantur
583 1445 653 1526 vus
673 1446 742 1516 sur
764 1447 851 1515 omni
873 1456 1032 1538 rempom
1053 1423 1329 1514 trouu-unsa

192 1564 249 1660 ¹tua
271 1574 378 1621 coram
404 1551 502 1642 ipso,
516 1551 550 1619 in
570 1575 687 1660 *omnes
706 1551 850 1621 inimicos
872 1575 949 1624 suos
971 1551 1084 1621 sufflet
1129 1551 1161 1620 6.
1174 1549 1268 1644 Dicit
1289 1551 1329 1619 in

195 1659 291 1730 corde
311 1681 382 1741 ouo,
403 1654 478 1725 Non
500 1657 619 1727 nulabo
635 1658 919 1753 ingenerationem
936 1669 969 1728 et
984 1657 1225 1752 generationem,
1246 1657 1326 1749 quin

195 1789 261 1834 non
283 1761 433 1834 inmoto:

273 1909 307 1972 trr
324 1910 464 2052 principio
479 1929 578 1972 vorsus
592 1931 651 1974 non
660 1929 761 1994 porum
776 1911 886 1972 vertant
899 1909 1078 1993 interpretes.
1099 1906 1234 1978 Graecos,
1253 1907 1325 1988 quis

432 1993 474 2052 ‘ce
492 1977 575 2068 55η
594 1991 696 2054 deduci
718 1991 846 2052 futorum
877 1969 989 2071 ὴῆῃπ,
1025 1989 1122 2061 vertit,
1156 1987 1326 2068 inquinatae

195 2077 263 2132 sunt
280 2071 344 2131 niue
362 2069 430 2130 eins.
450 2070 539 2149 Atqui
558 2071 632 2134 inter
640 2069 784 2132 Hebraeos
803 2073 870 2134 sam
889 2071 1091 2135 convenitcsse
1105 2088 1122 2130 a
1138 2067 1233 2130 radice
1243 2060 1325 2142 'm

60 2163 64 2169 '
195 2149 255 2212 Sed
280 2147 363 2212 multi
386 2151 478 2210 active
496 2157 614 2212 sumunt
652 2171 685 2212 ro
704 2149 855 2212 Terrorem
873 2152 1014 2224 incolere,
1039 2149 1085 2210 vet
1103 2147 1262 2209 molentium
1280 2145 1323 2205 ef-

195 2229 283 2292 ferre:
304 2230 362 2290 acsi
380 2229 489 2290 dictum
508 2236 591 2290 esset.
643 2232 687 2292 iue
705 2231 784 2312 impii
802 2228 994 2292 formidabiles
1012 2233 1080 2290 aunt
1099 2227 1197 2302 bonis,
1216 2243 1325 2304 eosque

194 2310 366 2372 exmudant.
387 2307 511 2386 Quidam
531 2309 615 2370 ctiam
634 2311 670 2371 ad
681 2308 776 2372 Deum
796 2309 931 2384 relcruul,
950 2307 1029 2390 quod
1042 2309 1106 2370 vioe
1120 2307 1181 2368 eins
1197 2305 1324 2378 veniant,

192 2389 251 2450 troc
269 2394 314 2462 esl
331 2387 484 2448 succedunt
503 2390 580 2449 omni
599 2396 742 2471 ternpore:
768 2391 851 2450 nimis
872 2397 967 2450 tamen
987 2394 1100 2462 coneto,
1123 2385 1324 2447 meoiudicio.
1418 2391 1419 2418 ¹

195 2468 255 2530 Sed
275 2487 365 2548 quoru
383 2467 412 2528 in
431 2468 493 2528 attis
512 2466 676 2549 Scripturae
693 2469 764 2530 locis
782 2469 857 2530 idem
876 2468 970 2530 vetent
989 2467 1067 2548 qood
1085 2468 1254 2550 prosperari,
1272 2465 1325 2524 mi·

192 2569 245 2610 ror
264 2547 298 2608 de
318 2547 382 2610 loco
402 2549 542 2628 praesenti
560 2549 634 2610 inter
653 2549 829 2612 concresse
843 2547 1076 2620 controversiam,
1095 2567 1184 2630 quum
1199 2543 1325 2606 secundo

193 2626 322 2690 membro
340 2647 411 2686 mox
430 2628 505 2688 ctare
525 2627 812 2710 ostandutPr-ophetu
831 2648 863 2692 ss
882 2629 918 2690 de
933 2627 1007 2688 tetioi
1022 2627 1175 2707 impiorum
1189 2630 1265 2694 stato
1280 2623 1325 2684 lo-

217 2707 253 2781 ci,
272 2713 302 2767 et
320 2709 454 2766 continno
473 2707 596 2770 taetilino
614 2715 713 2770 tenore
731 2709 782 2789 qui
801 2728 852 2770 eos
871 2707 1000 2768 inebriet⁴
1011 2705 1112 2766 'Porro
1132 2723 1191 2765 non
1209 2709 1326 2764 lantum

194 2727 232 2848 de
255 2788 310 2848 isla
328 2787 459 2848 felicitate
478 2789 662 2868 conqueritur
675 2787 829 2871 Propheta,
848 2789 898 2849 sed
917 2807 1017 2850 eornm
1036 2787 1142 2846 crimen
1157 2781 1223 2852 inde
1238 2802 1325 2877 exsq-

193 2864 720 3026 celluttlutuzlu
738 2858 1327 3030 enitendumque

313 2987 323 3020 r
1000 2987 1009 3021 r
1313 2977 1326 2990 “

195 3031 273 3087 ctum
298 3043 360 3088 csse
384 3029 540 3101 somniant,
564 3028 604 3089 itu
627 3027 662 3090 fir
685 3033 719 3088 nl
742 3027 845 3110 procul
869 3047 886 3088 a
910 3047 942 3087 se
966 3025 1104 3107 repellunt
1127 3023 1191 3084 eius
1210 3021 1326 3082 iudicia.

193 3103 284 3246 {pond
308 3106 333 3166 si
356 3108 421 3186 quis
446 3106 625 3182 adversetur,
648 3107 742 3168 statim
767 3127 797 3167 se
816 3109 886 3168 ttutu
905 3125 990 3188 posse
1008 3105 1148 3166 ducnters
1167 3100 1326 3164 confidunt.

219 3205 336 3246 suemus
359 3205 437 3246 nunc
459 3185 615 3266 simplicem
637 3183 800 3267 Prophetae
825 3206 954 3260 sensum,
977 3185 1056 3266 quod
1081 3183 1186 3244 scilicet
1204 3179 1269 3242 Deo
1289 3181 1324 3240 it·

193 3264 295 3326 tudnnt
318 3264 413 3344 impii,
438 3264 603 3326 tolcrontine
626 3265 688 3326 cius
707 3271 871 3346 pruetexlnr
895 3265 979 3326 sicuti
1002 3283 1126 3344 nequam
1144 3263 1191 3324 itte
1209 3259 1323 3340 Diony-

193 3345 253 3405 sius
271 3343 302 3404 in
320 3343 444 3403 secunda
469 3343 650 3424 mutuatione
672 3342 796 3406 innabat
814 3343 883 3406 deos
898 3345 974 3426 ‚socri
1020 3345 1043 3404 's
1061 3343 1167 3404 tarne.
1194 3339 1270 3402 Hinc
1288 3339 1325 3402 lit

193 3429 228 3483 nt
246 3412 302 3484 Dei
320 3421 422 3482 iudicia
441 3422 603 3504 longissime
621 3423 768 3505 repellunt.
793 3420 869 3486 Num
888 3425 967 3506 quod
985 3429 1042 3484 ate
1060 3423 1115 3484 illis
1134 3419 1322 3488 oseneia·

193 3501 281 3577 dictu,
303 3503 433 3562 nonnulli
452 3501 621 3564 emturum,
637 3503 732 3566 volem
754 3510 870 3586 potunt,
893 3505 951 3566 ncsi
976 3503 1081 3564 diceret
1098 3499 1256 3598 Propheta,
1279 3503 1323 3561 ni·

108 3635 110 3642 .
193 3582 249 3644 mio
272 3581 426 3644 clementer
448 3583 518 3664 ipsis
536 3583 658 3678 iquosoi:
683 3583 923 3664 quemadmodum
948 3581 1014 3644 ulthi
1033 3587 1217 3664 conquerrlur
1234 3581 1333 3663 eximit

195 3681 213 3722 a
236 3661 436 3722 communibus
459 3663 592 3724 miserirs:
612 3659 707 3724 verbio
730 3684 791 3724 nou
809 3670 869 3724 tam
887 3669 953 3745 apte
973 3665 1121 3740 convenit,
1140 3662 1199 3722 imo
1218 3659 1321 3721 durum

193 3759 230 3802 uc
248 3747 410 3802 contortum
429 3761 491 3803 esse
509 3748 636 3824 uppnmt
665 3739 810 3804 Dicuntur
827 3763 896 3824 erpo
915 3742 1019 3804 iudicia
1035 3740 1101 3817 Dei,
1121 3740 1240 3802 altitudo
1259 3759 1322 3800 esse

194 3821 305 3900 impiis,
322 3821 395 3900 'quic
414 3819 478 3882 freti
502 3821 587 3902 longu
613 3821 759 3898 disluntiu,
784 3841 842 3884 non
861 3823 948 3884 modo
968 3821 1020 3882 siti
1039 3821 1165 3882 inducias
1181 3822 1212 3882 in
1231 3826 1323 3880 totam

193 3901 299 3972 vitum,
320 3900 370 3960 sed
393 3907 540 3961 aeternnm
563 3920 631 3961 cum
648 3908 742 3964 morte
760 3901 861 3963 foedus
879 3903 1057 3984 promittunt.
1091 3899 1228 3962 Videmus
1247 3902 1323 3960 enim

195 3985 229 4040 ut
246 3985 359 4060 tempus
372 3979 425 4038 sibi
439 3981 628 4063 prorogando,
647 3987 797 4044 veternum
811 3979 865 4043 sibi
882 3981 1036 4043 obducant:
1055 3981 1114 4042 imo
1129 3977 1226 4041 Deum
1240 3979 1323 4041 coelo

193 4057 334 4118 icciusmn
358 4056 510 4139 tingentes,
575 4061 617 4120 esi
640 4059 711 4122 nihil
734 4061 786 4121 sibi
811 4067 886 4122 essct
909 4081 975 4121 cnm
999 4063 1034 4120 do
1059 4061 1178 4142 negotii,
1203 4078 1266 4121 sese
1285 4059 1323 4120 ud

193 4157 274 4220 spem
297 4138 471 4234 impunitatis
490 4159 525 4200 co
610 4147 669 4201 ent
698 4139 789 4202 Siculi
808 4140 885 4222 apud
903 4141 1020 4201 tesaiam
1038 4145 1092 4216 22,
1112 4143 1160 4204 13.
1194 4135 1323 4225 Prophe

139 4275 142 4283 ,
192 4223 290 4278 turum
308 4237 397 4278 minas
416 4219 476 4279 suis
493 4219 588 4280 sunnis
606 4219 765 4302 excipiunt,
783 4218 908 4281 Edamus
927 4228 957 4282 et
975 4219 1120 4298 bibemus,
1139 4237 1202 4280 cras
1221 4221 1322 4280 morie-

192 4315 268 4361 rnur.
297 4293 373 4358 Nam
397 4317 488 4378 quum
511 4317 610 4360 severe
635 4297 852 4362 denunciatione
870 4301 1012 4362 vindictm
1031 4297 1088 4362 Dei
1107 4299 1247 4382 poputum
1266 4305 1322 4359 ter-

140 4379 148 4441 .'
192 4381 289 4438 meur
306 4374 483 4460 Prophetes,
505 4379 554 4444 isti
576 4377 686 4442 nonu
709 4397 772 4442 esse
795 4379 985 4444 clamitabunt.
1018 4379 1145 4464 ldeoquo
1169 4381 1272 4444 acriter
1291 4379 1322 4438 in
