2804 4890
993 3 1006 45 1

187 223 241 282 243
613 221 898 266 economus
944 235 947 245 =

82 415 87 426 ¹
186 347 400 422 metesinum,
424 345 477 406 tibi
501 332 587 406 cerae
611 365 674 408 ease
698 346 788 406 iustos
812 351 842 406 et
866 343 988 425 probos,
1011 341 1066 404 esui
1091 346 1121 405 in
1148 345 1253 406 animo
1276 365 1341 408 ease

692 424 1341 568 emnam

188 587 323 646 Gentium
348 585 478 664 dissipet,
544 585 573 644 ia
591 585 703 646 scilicet·
716 584 753 644 ad
776 525 941 644 violandlrm
960 601 1075 644 omnem
1094 584 1229 645 ordinem
1253 587 1341 646 nullo

188 665 300 726 delecto
325 664 464 724 teruntur.
544 663 633 726 ‘mum
658 683 729 745 ergo
753 663 907 735 ducemne,
932 661 989 723 Dei
1013 663 1165 724 comitium
1191 665 1343 745 inspicere

104 797 117 814 ,
188 747 217 804 in
242 743 323 806 verbi
348 745 478 823 speculor
508 743 557 804 nbi
581 763 651 804 vero
680 745 863 804 emtuerimua
887 742 959 804 ntutt
985 761 1055 803 enm
1079 744 1257 824 promittere
1284 746 1341 806 uisi

188 823 266 906 qnod
287 829 463 904 praestares
486 823 526 883 nd
544 841 576 884 ae
595 823 728 898 demerit,
748 824 842 884 statim
863 821 946 884 nobis
965 829 1097 884 occurrat
1117 822 1191 883 luec
1210 822 1341 884 firmritas

190 907 226 962 de
246 921 303 983 qua
323 903 434 964 disserit
476 923 509 964 ro
531 903 605 964 heta.
651 901 710 962 Sed
735 903 803 984 quoia
826 903 886 964 einr
910 920 1026 963 cereum
1049 902 1211 964 innnmeda
1238 903 1341 964 otuu

188 983 260 1044 culis
279 981 448 1064 abrumpere
467 1001 496 1042 m
528 985 551 1044 u
569 982 754 1056 contendt,
773 983 832 1044 imo
851 982 905 1042 toti
928 981 1071 1042 interdum
1090 982 1209 1062 populi:
1237 986 1340 1044 mint

189 1081 306 1142 quoqne
325 1061 354 1120 in
379 1069 504 1123 mentem
528 1064 609 1143 prior
632 1063 784 1134 sententia,
804 1059 860 1122 Ubi
883 1061 975 1121 multa
998 1061 1168 1142 agitaverint
1189 1060 1340 1135 homiues,

189 1143 218 1202 in
238 1139 295 1200 Dei
314 1159 401 1200 manu
419 1149 449 1207 ct
467 1141 585 1202 arbitrio
604 1161 667 1203 eeae
686 1142 906 1224 dissipationem.
946 1138 979 1199 ln
1004 1140 1060 1200 ltac
1083 1141 1211 1222 practica
1231 1144 1340 1202 notitia

190 1221 276 1282 sidem
301 1228 427 1280 nostram
453 1220 530 1282 haud
554 1221 639 1282 dubie
663 1222 790 1282 exerceri
820 1221 912 1281 voluit
934 1217 1074 1301 Spiritus:
1146 1220 1153 1234 '
1198 1219 1339 1300 trigid-

190 1301 297 1380 elioqui
316 1307 345 1359 et
364 1300 458 1360 fructu
482 1320 607 1362 vacuum
632 1301 758 1380 elogium
777 1300 833 1360 too
856 1305 942 1364 eset.
980 1299 1074 1379 Atqui
1132 1298 1249 1360 inob'u
1268 1319 1338 1381 pro·

188 1382 314 1462 positum
333 1379 432 1452 fuerit,
453 1379 549 1442 Deum
572 1399 643 1442 snos
666 1381 740 1440 tueri
759 1379 849 1454 velle,
868 1386 898 1440 et
915 1379 1025 1459 eripere
1044 1397 1083 1440 ex
1102 1377 1238 1438 omnibns
1259 1381 1339 1460 pen·-

190 1461 261 1520 cnlis
281 1461 444 1539 quicunque
463 1462 524 1520 eius
547 1479 653 1522 nomen
677 1461 821 1533 invocant,
842 1457 978 1539 quicquid
1002 1457 1159 1518 moliantur
1181 1459 1213 1518 in
1238 1461 1338 1540 perni-

168 1541 263 1598 ciem
282 1546 409 1599 nostrum
429 1541 517 1621 impii,
538 1559 591 1600 noe
610 1540 727 1603 minime
746 1537 894 1600 terrebunt
912 1557 1012 1598 eornm
1031 1537 1126 1597 studia
1145 1542 1176 1597 et
1195 1547 1336 1598 conatus:

188 1619 256 1756 qppia
279 1618 398 1757 sippulpc
417 1617 499 1681 Dens
523 1639 555 1680 ee
579 1618 759 1701 opposuerit,
782 1617 861 1680 nulla
886 1609 947 1678 crit
964 1621 1067 1678 attede
1086 1633 1162 1698 quae
1181 1619 1238 1677 eina
1259 1637 1334 1678 oon·

76 1859 82 1870 Ι
191 1715 317 1871 ‘nult
333 1705 437 1874 liiiio
454 1801 530 1862 genn
547 1786 598 1840 cot
617 1781 737 1854 deloco,
756 1785 807 1840 eto.
838 1774 915 1916 Apte
935 1773 1069 1872 cohaeret
1084 1775 1134 1836 hic
1152 1794 1329 1873 verpnpenm

189 1855 895 2018 11111111111111111ῗέ111118
915 1862 1117 2015 titii
1136 1854 1335 1996 iffi

189 2034 271 2076 mane
292 2013 435 2096 Propheta
454 2037 528 2098 quos
548 2017 630 2078 Deus
649 2019 678 2076 in
699 2017 818 2078 tutelam
841 2018 981 2098 suscepit,
1006 2015 1158 2076 nomiliam
1177 2015 1262 2076 cuine
1282 2036 1333 2074 nn·

189 2114 242 2176 per
260 2096 398 2168 meminit
417 2117 477 2158 non
496 2115 558 2164 eoae
582 2095 761 2156 reconditum
785 2095 935 2168 admonet,
958 2094 1007 2154 sed
1033 2097 1130 2174 vigere
1154 2100 1185 2154 et
1211 2096 1333 2176 spectari

129 2201 133 2208 ·
189 2177 219 2234 io
238 2169 382 2234 Ecclesiae
402 2176 506 2236 solute
542 2175 639 2255 Atque
659 2175 856 2250 ita'vidcmm,
875 2195 936 2236 non
958 2193 1010 2234 eoa
1033 2176 1084 2254 qui
1107 2173 1212 2254 ffigide
1230 2193 1333 2254 opetu-

190 2253 287 2312 lantnr
306 2251 362 2313 Dei
381 2257 546 2334 potentiam,
567 2255 617 2314 sed
636 2257 686 2334 qui
705 2255 735 2314 in
755 2273 839 2318 suurn
859 2261 1035 2335 praeacutam
1046 2261 1264 2334 centuplam,
1281 2257 1332 2316 rite
1383 2309 1384 2326 ,

108 2395 113 2405 ,
194 2331 309 2392 demum
328 2351 481 2412 agnoscere
500 2333 599 2394 mundi
619 2333 845 2414 gubernatorem.
886 2333 993 2408 Porro,
1017 2351 1108 2412 quum
1128 2332 1331 2394 beatitudinem
1383 2331 1384 2403 l

192 2419 318 2470 nostram
339 2413 370 2472 in
389 2433 423 2472 eo
444 2413 529 2488 locat,
549 2413 581 2474 Si
601 2413 706 2474 lehova
727 2415 765 2474 sit
784 2411 864 2474 Deus
883 2420 990 2488 noster,
1013 2413 1123 2474 iontem
1145 2411 1246 2472 Divini
1266 2432 1332 2493 erga

73 2551 75 2558 ,
191 2510 244 2550 nos
265 2493 369 2551 umoris
389 2493 548 2573 designans,
566 2513 625 2554 uno
650 2492 739 2554 verbo
760 2493 959 2573 complectitur
977 2511 1167 2573 quaecunque
1185 2493 1224 2552 ad
1243 2495 1332 2553 vitam

186 2569 310 2665 {clicitcr
334 2571 491 2649 degendam
514 2575 609 2654 expeti
634 2572 735 2632 solent.
762 2571 850 2670 'Nam
865 2569 953 2653 'qood
969 2572 1077 2667 'salutis
1096 2579 1215 2668 nuptm
1232 2592 1329 2634 curam

166 2651 1030 2812 -11ἰῖ111411111133111ἰὲ1111111111
1043 2671 1331 2812 ἔιἭοὲιιᾞ

189 2809 304 2890 pendet.
345 2809 491 2885 Ceterum,
512 2831 548 2870 ne
567 2813 632 2892 quis
652 2819 775 2893 putaret,
795 2818 906 2872 tantum
926 2810 1033 2872 honum
1043 2811 1181 2891 consequi
1202 2811 1331 2872 leminea

191 2890 317 3030 propriod
329 2899 419 3030 mepte
439 2891 492 3030 vell
506 2891 653 2966 industria,
671 2892 842 3030 numlipatim
861 2911 898 3030 ᾖ
917 2891 997 3028 suippe
1022 2893 1161 3028 gratuitpie
1184 2891 1329 3030 electiohrpit
1381 2909 1382 2991 p

150 3071 160 3082 -
190 2987 393 3127 diffindit
414 2990 498 3110 itt
513 2989 925 3111 ttttttntttttt
945 2978 1265 3130 petitltttti
1282 2991 1330 3110 oi

190 3125 249 3187 Dei
269 3137 376 3188 essenis
402 3113 453 3190 sed
477 3130 609 3190 alienatio
635 3149 710 3210 quae
729 3149 768 3192 ex
792 3136 910 3210 peccato
936 3137 1057 3209 sequuta
1075 3136 1134 3202 eat,
1154 3137 1237 3190 tanto
1257 3129 1329 3189 bono
1380 3191 1381 3208 ἶ

145 3231 147 3237 ·
186 3227 244 3266 nne
264 3207 399 3286 privavit.
438 3205 515 3288 Ergo
535 3209 626 3270 donec
646 3212 772 3290 gratuito
792 3229 845 3270 nos
865 3209 983 3290 adoptet
1002 3206 1092 3284 Deua,
1116 3210 1214 3270 miseri
1234 3228 1329 3270 snmus
1380 3211 1381 3283 i

190 3285 361 3346 staturalitcr
381 3307 492 3358 omues,
511 3306 565 3348 nec
584 3289 639 3348 alia
658 3293 703 3350 est
721 3289 862 3348 felicitatis
881 3291 975 3359 ianua,
996 3307 1083 3368 qnam
1098 3295 1129 3348 ut
1148 3307 1231 3350 mero
1251 3288 1328 3350 lanta·

189 3365 298 3444 placito
319 3365 451 3446 indignos
470 3367 564 3446 eligat
595 3367 678 3443 Upde
698 3371 817 3448 apparet
857 3387 922 3428 nam
941 3369 1047 3428 insulse
1057 3388 1171 3428 currum
1194 3374 1244 3428 ant
1258 3367 1329 3428 hunc

190 3447 288 3505 locum
309 3447 359 3524 qui
381 3446 416 3504 nd
438 3445 567 3506 homines
587 3447 761 3508 uanssernnt
781 3391 859 3528 qual
879 3447 945 3508 Deo
964 3389 1257 3528 assignatPropleta:
1277 3449 1329 3508 acsi
1379 3469 1380 3482 ¹

190 3541 257 3582 eum
284 3522 336 3582 sibi
363 3525 391 3584 in
417 3523 621 3586 haereditatem
646 3527 793 3606 eligerent«
831 3527 935 3588 Fateor
959 3527 1088 3606 quidem,
1114 3545 1218 3590 verum
1237 3525 1327 3586 Deum
1379 3495 1380 3577 l

190 3599 226 3660 ab
247 3601 331 3662 idolis
350 3601 408 3664 lide
429 3605 562 3666 discerni:
583 3605 632 3666 sed
653 3608 806 3666 tenendum
821 3614 865 3668 est
874 3609 1044 3688 principium
1064 3607 1148 3683 istud,
1168 3605 1249 3668 Nihil
1268 3627 1328 3668 utut

191 3700 229 3742 co
249 3681 333 3742 nolio
353 3702 416 3744 esse
436 3705 596 3760 commuue,
616 3686 670 3748 uisi
690 3705 742 3746 aua
761 3688 851 3766 gratio
869 3707 923 3748 noa
943 3687 1116 3768 praeveniat.

281 3785 333 3854 13.
355 3783 384 3849 E
412 3787 509 3854 coelis
538 3787 678 3879 respexit
705 3787 837 3871 lehovn,
863 3787 942 3855 vidit
962 3811 1081 3856 omnes
1108 3788 1192 3855 lilios
1215 3787 1326 3856 Adam:
1378 3787 1379 3871 l

194 3881 246 3958 14.
270 3887 322 3955 Ex
345 3889 522 3960 habitaculo
546 3893 616 3986 solii
632 3893 682 3960 sui
709 3895 874 3986 prospexit
887 3895 1063 3964 cdomnes
1082 3893 1201 3962 incolas
1224 3905 1326 3964 terrae.

196 3995 249 4063 15.
272 3995 335 4082 Qui
358 3996 450 4063 finxit
471 3998 567 4064 simul
595 3999 689 4068 corda
712 4023 839 4083 eorum,
865 4001 921 4090 qui
942 4000 1086 4092 intelligit
1108 4001 1215 4068 omnia
1238 4024 1326 4092 opera

191 4124 313 4170 eornm.
360 4101 411 4168 16.
434 4101 509 4170 Non
537 4105 679 4172 servitur
701 4105 771 4173 Rex
801 4107 835 4172 in
862 4105 1061 4174 multitudine
1084 4107 1251 4192 exercituo,
1273 4131 1325 4174 nec
1377 4073 1378 4163 l

134 4227 138 4239 ·
192 4203 286 4296 Gigas
315 4205 463 4298 eripietur
490 4208 524 4276 in
550 4209 750 4279 multitudine
779 4211 909 4282 roboris.
958 4211 1009 4280 17.
1029 4211 1141 4280 Fallax
1169 4237 1269 4304 equus
1289 4213 1323 4282 ad

191 4308 336 4396 salutem,
358 4313 445 4386 etin
467 4313 670 4388 multitudine
692 4317 816 4388 virtutis
838 4341 915 4392 suae
937 4341 1005 4388 uon
1027 4317 1177 4388 liberabit.
