2818 4886
598 309 617 352 Ι.
643 305 883 350 datvs-nus

281 757 285 765 Ι
393 585 402 636 ”
469 589 990 722 ³rsrnresnv.
1047 593 1062 668 f
1151 688 1154 703 .

185 875 252 922 Aac}
264 869 379 932 esseae
393 873 479 931 tnpss·
491 875 535 932 Del
548 861 689 939 epate-pean
701 871 818 928 meane,
831 871 861 914 ad
873 883 933 928 qm
945 881 970 913 u
981 874 1044 912 rarae
1050 867 1103 925 sera
1110 863 1209 924 ppt„
1217 867 1331 922 protam

264 941 315 991 aare
327 953 349 988 'et
362 959 403 1004 qao
413 931 466 1001 pisa
478 946 600 1002 mastratis
612 943 691 990 satur
703 945 842 1002 quartanis,
855 942 896 984 aab
908 942 953 984 Dei
961 953 1058 995 per-sou
1070 953 1116 981 aa·
1129 938 1220 980 indicat.
1235 937 1321 980 Deinde

199 1030 202 1038 ¹
264 1029 302 1073 epe
313 1017 401 1059 man
413 1015 471 1073 qaod
481 1015 595 1060 liteinins
609 1017 693 1074 intare
700 1027 824 1070 mmm
836 1017 878 1068 est,
891 1009 991 1076 gemis
1001 1011 1065 1052 aaa&
1077 1010 1163 1052 interire
1174 1009 1282 1064 napird,
1295 1002 1321 1048 ss

263 1095 285 1132 et
298 1088 356 1130 ulios
370 1086 504 1130 comtum
624 1113 627 1118 ,
1111 1088 1113 1098 ·
1152 1091 1156 1108 ¹
1262 1088 1264 1099 ·

208 1208 261 1320 li.
283 1201 444 1322 Praeiecto
466 1247 607 1319 Davidis.
652 1247 743 1316 Dixit
771 1227 887 1317 stultus
909 1247 943 1314 in
965 1209 1064 1316 corde
1081 1267 1155 1352 sno,¹
1171 1241 1246 1310 Non
1271 1250 1321 1322 est

184 1359 289 1443 Deus,
311 1366 536 1450 eonnperunt,
564 1354 770 1424 abominabile
797 1354 938 1422 fecerunt
967 1375 1064 1444 opust
1092 1373 1158 1417 non
1172 1359 1234 1418 -est
1261 1347 1318 1439 qui

75 1525 78 1549 ,
185 1466 275 1537 faciat
294 1465 427 1575 bonnm.
529 1545 530 1550 ἵ

265 1635 399 1716 Plerique
422 1651 464 1697 ex·
472 1635 588 1696 iudaeis
612 1633 775 1696 vaticinium
800 1633 828 1694 in
848 1631 905 1692 iroc
921 1625 1038 1690 Psalmo
1058 1627 1165 1690 editum
1183 1645 1245 1688 esse
1264 1645 1316 1686 vo-

186 1717 247 1775 lunt
274 1715 310 1775 de
334 1716 429 1776 intura
473 1718 546 1776 entis
566 1734 634 1774 suae
654 1713 849 1796 oppressione:
874 1709 934 1770 acsi
951 1707 1047 1770 David
1066 1709 1098 1768 iu
1117 1706 1223 1788 Spiritu
1241 1703 1315 1765 Ece-

185 1795 282 1854 iesiarn
300 1793 356 1855 Dei
376 1793 428 1854 sado
446 1797 581 1873 (rentium
599 1793 751 1872 tyrannide
771 1787 905 1851 aiilictam
925 1789 1047 1848 deileret.
1067 1787 1166 1867 itaque
1179 1785 1254 1865 qnod
1267 1783 1315 1844 bic

186 1875 304 1947 dieitur,
324 1873 359 1932 ad
380 1881 558 1954 praesentem
577 1892 660 1934 suam
675 1869 889 1950 dissipationem
909 1867 1046 1938 scierunt,
1065 1867 1121 1924 acsi
1142 1871 1234 1924 essent
1252 1881 1316 1946 pre·

184 1955 259 2012 tiosa
278 1955 326 2014 illa
343 1951 399 2012 Dei
419 1951 577 2010 baereditas
597 1963 684 2028 qnam
704 1949 841 2008 devorant
860 1947 936 2005 ierac
956 1945 1068 2004 bestiae.
1088 1943 1148 2005 Sed
1168 1944 1250 2003 iaciie
1268 1949 1317 2022 a‘p·

144 2047 151 2066 ’
185 2027 274 2106 p‘uret,
295 2027 370 2092 dum,
385 2031 475 2106 gentis
495 2046 563 2088 suae
583 2027 704 2086 dedecus
725 2031 820 2104 tegere
834 2025 944 2094 volunt,
963 2022 999 2082 ad
1015 2021 1120 2082 Gentes
1134 2019 1195 2080 sine
1209 2022 1319 2080 ratione

185 2113 319 2184 torquere
344 2105 423 2184 quod
448 2106 483 2165 de
507 2107 647 2185 perversis
667 2103 888 2166 Abrairae'ldiis
909 2103 1087 2162 dictumest.
1118 2097 1318 2158 Certe‘nrdius

184 2183 275 2244 Panlo
297 2183 436 2264 Apostoio
456 2185 545 2264 magis
565 2184 683 2242 idoneus
703 2186 756 2243 erit
780 2186 933 2262 interpres,
958 2181 1007 2260 qui
1028 2179 1063 2238 ad
1082 2179 1223 2261 populum
1242 2178 1318 2259 lega-

184 2263 241 2322 lem
259 2263 363 2322 diserte
383 2265 571 2335 acommodai,
590 2261 674 2322 Rom.
694 2267 723 2336 3,
744 2267 791 2325 19.
813 2261 922 2321 Deinde
942 2267 976 2318 ut
994 2257 1075 2318 nobis
1095 2257 1257 2318 desitiliud
1276 2265 1317 2318 tc·

124 2389 143 2419 ¹,
184 2343 356 2416 stimonium,
376 2349 527 2402 contextus
548 2343 623 2402 clare
642 2343 818 2402 demonstrat
837 2342 1006 2400 domesticos
1022 2340 1116 2419 potine
1130 2337 1256 2396 fidelium
1271 2345 1317 2416 ty·

183 2439 288 2480 rannos
314 2427 343 2480 et
366 2419 478 2494 hostes,
502 2441 589 2500 qnam
613 2427 727 2480 exteros
752 2420 902 2480 aDavide
921 2419 1028 2492 notari,
1052 2416 1131 2496 quod
1149 2423 1247 2476 tenere
1266 2437 1318 2476 no-

183 2507 241 2559 stra
261 2515 436 2580 magnopere
455 2500 550 2560 refert.
581 2499 695 2560 Scimus
720 2501 795 2560 enim
816 2519 901 2588 quarn
922 2497 1029 2557 duriter·
1048 2499 1100 2556 n'os
1120 2497 1227 2556 cruciet
1245 2495 1319 2556 baec

184 2581 314 2652 tentatio,
334 2599 424 2674 quum
439 2579 468 2637 in
483 2579 576 2639 media
591 2577 716 2640 Ecclesia
727 2583 845 2658 grassari
857 2579 995 2637 scelerum
1006 2575 1167 2650 colluviem,
1188 2575 1278 2635 bonos
1288 2583 1319 2637 et

183 2657 325 2736 simplices
344 2658 447 2718 rniuste
461 2659 563 2738 afiligi,
587 2658 732 2739 improbos
749 2659 900 2718 crudeliter
915 2675 968 2739 pro
984 2673 1037 2714 sna
1050 2655 1164 2715 libidine
1179 2655 1320 2722 dominari

182 2738 332 2796 cernimus.
366 2735 459 2798 Triste
482 2741 558 2797 enim
584 2737 639 2797 hoc
665 2738 859 2819 spectaculum
883 2757 937 2804 nos
960 2735 1019 2794 iere
1044 2736 1201 2794 exanimat:
1227 2753 1318 2816 qnare

181 2817 327 2896 exemplo,
354 2815 432 2896 qnod
456 2817 537 2876 uobis
558 2815 653 2877 David
673 2818 822 2898 proponit,
847 2836 900 2876 nos
920 2815 1025 2874 muniri
1045 2833 1104 2875 non
1124 2819 1226 2896 ptrnm
1246 2813 1318 2874 utile

182 2902 239 2970 est,
264 2901 298 2954 ut
321 2895 351 2954 in
376 2893 527 2974 deploratis
546 2893 688 2956 Ecclesiae
708 2897 796 2956 ruinis
815 2895 919 2955 fiducia
938 2895 1112 2953 liberationis
1131 2911 1185 2952 nos
1205 2899 1317 2954 susten·

181 2981 231 3034 tet.
260 2971 323 3054 Ego
349 2975 464 3070 quidem
488 2969 557 3036 non'
571 2975 670 3036 dubito
691 2975 841 3036 confusum
861 2981 891 3035 et
909 2974 1051 3056 perditum
1070 2971 1190 3032 Iudaeae
1209 2980 1318 3033 statum

181 3053 228 3114 bie
248 3051 383 3125 describi,
408 3073 494 3134 quem
513 3055 622 3114 invexit
641 3055 711 3114 Saul
731 3075 820 3135 quum
839 3055 933 3136 palam
954 3051 1047 3112 iurere
1066 3071 1118 3111 coe
1138 3053 1219 3127 isset,
1244 3060 1318 3112 tunc

183 3133 260 3192 enim
278 3132 395 3214 perinde
414 3151 448 3192 ae
467 3135 592 3193 extincta
611 3133 667 3194 Dei
687 3136 831 3209 memoria,
851 3135 940 3215 pietas
961 3133 1051 3192 omnis
1091 3133 1098 3148 ¹
1134 3137 1239 3204 exerat,
1260 3149 1317 3190 nec

182 3212 273 3270 maior
295 3211 409 3291 vigebat
433 3213 506 3272 inter
526 3211 654 3272 homines
673 3213 827 3292 integritas.
858 3215 947 3272 Dtra’t
972 3214 1087 3271 studea.
1119 3209 1217 3290 Quum
1240 3182 1317 3278 ΒΞ)

81 3346 91 3356 ,
181 3289 317 3360 Hebraeis
338 3309 396 3348 non
415 3293 535 3351 stultum
554 3293 657 3366 modo,
682 3293 732 3352 sed
751 3311 916 3372 perversum
938 3310 1053 3372 quoque
1072 3297 1102 3351 et
1120 3307 1241 3370 nequam
1262 3289 1317 3349 bo-

181 3371 287 3429 minem
308 3368 459 3448 significet.
485 3387 543 3429 nen
558 3372 737 3431 incommode
752 3379 850 3451 posset
863 3373 903 3430 ita
921 3371 1026 3450 exponi
1041 3371 1071 3430 in
1086 3369 1142 3430 boe
1156 3370 1234 3430 loco:
1259 3387 1317 3450 ego

181 3455 277 3508 tamen
293 3447 371 3528 quod
386 3450 475 3528 magis
490 3457 638 3530 receptum
653 3458 706 3522 est,
724 3450 845 3511 libenter
860 3469 974 3530 sequor,
993 3455 1027 3509 nt
1040 3451 1171 3510 vesaniae
1181 3449 1317 3508 damnen-

180 3533 228 3586 tur
248 3546 348 3586 omnes
368 3529 478 3614 profani
499 3527 641 3603 homines,
662 3532 712 3610 qui
731 3529 840 3590 abiecto
859 3529 917 3590 Dei
935 3533 1024 3603 metm
1043 3547 1074 3588 se
1094 3529 1130 3588 ad
1149 3530 1328 3588 iniustititm'

175 3607 341 3687 'proiieinnt
376 3605 477 3688 Neque
496 3610 573 3670 enim
592 3609 716 3690 vulgaris
735 3609 871 3672 stultitiae
890 3609 984 3668 hoster
1005 3625 1073 3668 snos
1092 3607 1237 3668 insimulat
1256 3605 1318 3666 Da-

89 3755 102 3772 ,
180 3685 245 3757 vid,
265 3686 363 3746 sedin
383 3707 482 3748 eorum
501 3687 676 3762 vecordiam,
701 3689 886 3769 insanamque
907 3689 970 3747 dan
982 3687 1043 3747 'em
1062 3687 1220 3762 invehitur,
1241 3705 1316 3766 quos

38 4121 45 4136 .
75 4091 84 4098 ·
140 4141 149 4159 ,
180 4085 210 4139 et
237 4083 346 4141 nasutis
366 4081 528 4144 hominibus
548 4105 584 4164 ap

181 3764 307 3825 mundus
320 3765 404 3824 valde
419 3785 517 3848 sapere
532 3764 647 3830 indicat.
667 3767 741 3828 Nam
761 3769 810 3850 qui
829 3768 953 3828 maxime
972 3767 1125 3847 prudentes
1143 3773 1174 3828 et
1193 3765 1318 3842 consulti

181 3850 240 3902 tam
261 3843 314 3902 sibi
333 3863 420 3924 mam
439 3849 500 3906 aliis
520 3848 659 3923 videntur,
679 3869 730 3909 ecs
749 3847 956 3930 utplurimum
973 3845 1103 3906 videmus
1122 3845 1220 3907 ledere
1239 3853 1322 3923 astu-0

180 3923 237 3981 tiae
262 3923 398 3998 latebras,
423 3933 454 3987 ut
478 3923 573 3986 Deum
598 3927 756 4007 spernendo
781 3947 815 3987 ac
840 3926 973 3998 ridendo,
997 3927 1105 4005 ingenii
1130 3927 1175 3986 sui
1192 3941 1318 3985 acumen

180 4009 341 4062 exerceant.
371 4001 471 4064 Primo
490 4007 587 4086 itaque
606 4007 757 4068 sciendam
771 4013 827 4078 est,
848 4007 1031 4086 quantumvis
1051 4006 1173 4065 mundus
1194 4005 1321 4065 versutis

181 4159 189 4175 ·
263 4159 271 4175 ⁹
442 4165 449 4180 ι
574 4086 717 4224 plasmat,
738 4087 787 4166 qui
807 4085 860 4146 sibi
880 4084 991 4180 quidvis
1010 4083 1320 4182 licentiae-indulgent,

179 4177 306 4254 insamae
325 4167 421 4222 tamen
441 4183 518 4244 rpsos
538 4183 556 4224 a
597 4171 683 4246 pantu
703 4172 801 4225 saneto
822 4165 962 4224 damnare:
990 4182 1057 4244 quta
1076 4163 1172 4223 nullm
1192 4170 1237 4223 est
1256 4181 1324 4222 ma-·

181 4237 1320 4400 astitissent?diditi.ritttuitted‘itti

180 4415 248 4456 nem
268 4415 380 4460 omnem
396 4403 597 4482 perverterint,
617 4407 650 4464 nt
663 4345 776 4464 nudula
789 4409 903 4465 maneat
917 4402 983 4463 iusti
998 4366 1033 4464 ac
1047 4345 1143 4469 iniulti
1154 4343 1320 4476 liserinen,
