2836 4886
517 327 564 370 ιιι
589 329 754 374 reatu.
780 329 850 372 nne.
888 305 906 404 β
1197 333 1253 390 433

183 457 234 518 td
259 455 395 514 Vereor
412 459 533 528 rmus
552 461 581 513 er
598 460 740 534 smgasrr
759 475 831 514 eon.
852 450 980 515 verbnm
999 443 1056 516 boo
1075 461 1106 516 st
1124 473 1251 536 quaere·

85 540 235 616 quuntur
273 531 345 608 alia,
374 531 523 614 designant
553 533 722 594 oontinuurn
753 539 864 594 tetum:
893 533 1016 615 ideoque
1041 536 1194 596 commode
1216 539 1250 598 in

1 631 3 653 2
83 612 248 696 proesenti
271 617 402 694 tempore
421 617 579 674 verteretur.
616 609 652 672 ln
677 612 804 674 mondo
824 609 913 674 verbo
932 609 1101 694 interpretes
1121 617 1249 678 veriani:
1314 633 1317 644 ·

84 695 170 774 qnia
196 691 369 752 nonnullis
419 698 469 764 tw
493 689 654 765 dedorunt,
683 691 763 772 qnod
788 691 948 754 desiderare
971 693 1127 774 signifieat:
1157 693 1207 756 alii
1231 713 1250 758 a

1 787 2 816 1
86 777 193 912 θῖω
213 771 292 853 qnod
311 778 357 832 est
416 777 477 831 tum
490 769 573 831 ‘dare
599 769 714 832 Priores
733 772 773 832 ita
782 772 940 848 morunt,
958 771 1085 836 Domine
1094 781 1249 858 postquem

86 852 125 912 lo
151 871 194 931 go
212 857 294 913 aestu
312 857 343 912 et
360 853 489 912 omines
507 850 598 912 indoti
617 851 695 912 sitire
713 857 829 928 temni,
848 851 965 914 demum
983 851 1165 920 nmvbirn.
1185 853 1246 916 lile-

22 959 29 971 =
87 931 156 992 liras
182 939 281 993 maren
299 932 363 1008 tlnit
382 930 470 991 altera
488 931 699 1011 interpretatio,
726 929 807 992 Dens
831 937 866 992 tu
883 933 1048 1012 irrigatione
1072 939 1179 996 terrem
1203 936 1246 994 vi·

85 1013 182 1072 sitas.
211 1011 251 1071 Et
270 1017 423 1072 contentus
442 1010 498 1070 boe
515 1009 605 1073 ruodo
625 1011 728 1071 melios
747 1009 895 1073 eobaeretr
916 1014 983 1092 quia
1002 1053 1003 1058 κ
1023 1013 1134 1074 roxirm
1152 1015 1246 1096 seqni-

70 1098 157 1151 tor.
179 1103 215 1152 trs
234 1093 314 1152 ditos
332 1113 397 1151 eom
415 1098 550 1172 copton:
567 1089 645 1169 quod
664 1091 856 1230 emplilieondi
877 1111 963 1152 neusa
1039 1092 1112 1154 itum
1120 1109 1185 1154 esee
1195 1111 1245 1174 pa·

88 1177 150 1230 tet.
179 1169 313 1232 Dubitni
330 1177 428 1230 umen
486 1175 540 1230 test
558 1169 687 1232 solemne
720 1171 840 1232 adesum
859 1171 1007 1252 intelligat,
1025 1191 1065 1234 en
1084 1179 1179 1234 totum
1198 1193 1245 1234 or·
1276 1193 1280 1204 ·

0 1288 1 1291 =
93 1249 183 1311 bem.
212 1247 276 1331 Ego
296 1252 426 1331 quamvis
445 1189 536 1312 ffteru
554 1249 626 1310 been
646 1251 744 1312 omnio
763 1270 833 1312 vem
852 1250 888 1340 de
907 1257 971 1312 toto
991 1249 1060 1312 orbe
1079 1246 1271 1332 praedicari,
1326 1331 1329 1338 .

83 1331 236 1391 existimo
260 1337 357 1391 tamen
374 1327 519 1390 Davidem
543 1330 666 1410 proprie
690 1331 770 1411 ioqui
798 1331 835 1391 de
852 1329 976 1406 iudaea,
1000 1330 1245 1394 sioali'baoleuue

1 1453 2 1460 κ
88 1410 260 1470 eelebrevit
284 1407 441 1490 peealirres
461 1407 519 1470 Dei
542 1411 650 1491 gratias
675 1429 741 1490 erga
762 1407 926 1471 Eeolesitm.
967 1411 1066 1492 Atque
1087 1409 1157 1474 tuto
1181 1429 1244 1473 eea·
1330 1431 1333 1438 ⁴

85 1491 213 1550 tentius
232 1489 424 1570 adstipulatur
443 1488 521 1568 qnod
541 1488 712 1550 statimadio
753 1491 783 1564 Ἰ,
793 1493 928 1574 flentum
936 1492 1006 1566 Det,
1024 1479 1244 1573 velrivarnple·

89 1591 173 1630 nors
191 1590 253 1630 ersa
270 1578 373 1652 opole,
394 1565 471 1629 Nem
490 1567 571 1649 qnod
589 1509 788 1631 ΠυνίιιωἛεί
807 1589 862 1652 pro
881 1589 911 1631 nr
966 1589 986 1630 o
1005 1569 1052 1630 vel
1070 1569 1245 1709 amvploqui·

1 1677 2 1708 r
83 1649 166 1708 dem
185 1650 338 1731 aoeipinnt,
358 1648 463 1708 dorum
482 1654 526 1708 est
540 1667 580 1708 eo
599 1655 747 1709 ooaetunrr
767 1655 797 1710 et
815 1650 911 1731 potius
952 1650 1049 1710 '‘eeet
1064 1651 1105 1712 llo
1136 1651 1243 1733 nepla-

1 1759 2 1766 1
83 1729 151 1788 soli
176 1747 306 1789 numero.
347 1725 479 1808 Opponit
502 1733 614 1802 sutem,
638 1747 703 1789 nreo
726 1727 847 1805 inditio,
869 1729 966 1790 fluviis
990 1728 1166 1791 naturalibus

86 1809 231 1888 regiones
255 1825 328 1888 suae,
346 1806 534 1880 loeeundent,
559 1813 676 1868 tenuem
699 1814 729 1870 et
748 1808 883 1890 exiguum
908 1807 1004 1870 rivum
1030 1807 1146 1868 Siloabe
1171 1749 1243 1870 allud

85 1887 172 1946 ‚dens
192 1885 230 1946 ad
248 1887 346 1946 locam
365 1885 450 1946 illurn
466 1884 564 1961 ltloeie,
583 1884 673 1946 Dent.
694 1891 748 1963 11,
769 1891 817 1950 10.
856 1886 946 1952 'lem
964 1906 1052 1969 qoem
1071 1885 1154 1948 Deos
1173 1895 1242 1950 tuus

85 1966 179 2026 debit
196 1965 258 2039 tibi,
267 1985 337 2026 non
354 1966 410 2027 erit
429 1965 527 2026 similis
546 1965 697 2048 Aegypto,
717 1985 804 2048 quarn
823 1966 977 2028 foecundat
991 1965 1050 2028 Nili
1065 1966 1241 2028 'motator
1297 2009 1300 2014 ι
1371 1997 1374 2011 ·

89 2045 148 2106 eod
173 2051 250 2106 terra
272 2045 345 2105 baec
369 2051 518 2126 exspectat
541 2045 671 2126 pluviem
695 2047 823 2108 eeoelo.
865 2045 920 2107 Vel
943 2045 1020 2108 forte
1044 2045 1241 2128 metaphoriee

87 2125 224 2279 ‘qppetl'lat
248 2124 376 2206 pluriam
395 2127 497 2206 ipsam,
516 2123 575 2186 Dei
592 2127 722 2186 tlovinrn.
744 2125 832 2187 Gsrte
849 2125 907 2188 boo
917 2126 955 2186 ad
964 2125 1097 2186 iudaeam
1107 2127 1241 2207 restringi

152 2223 169 2263 e

116 2224 132 2264 e
208 2205 295 2265 sicuti
314 2206 399 2264 etiarn
419 2223 471 2286 per
490 2223 595 2286 paena
617 2205 663 2266 vel
681 2205 843 2267 bmibeuls
857 2205 962 2266 deserti
982 2206 1151 2288 intelligitur
1166 2207 1241 2268 siooa
1335 2210 1342 2220 “

87 2291 126 2344 et
145 2286 274 2365 asperior
292 2285 381 2364 regio,
423 2303 488 2346 narn
500 2283 659 2426 ¹§beerrniptura
678 2293 765 2346 voert
783 2291 958 2346 montanam.
983 2285 1120 2346 Getarum
1140 2305 1244 2366 quem,

95 2364 211 2423 vie'bie
231 2362 389 2424 eelebretur
439 2365 464 2423 ei
484 2363 505 2423 li
587 2366 641 2424 itee
659 2363 826 2426 familiarius
846 2371 914 2424 note
933 2365 1025 2425 eleeto
1045 2365 1170 2446 populor
1189 2385 1245 2428 no·⁴

94 2450 190 2503 sunm
208 2449 305 2502 tamen
324 2449 382 2516 est,
400 2443 564 2524 ubieunque
584 2443 753 2528 babiternue,
773 2445 885 2504 divitias
905 2443 1040 2505 bonitatis
1057 2443 1115 2504 Dei
1132 2447 1165 2505 in
1184 2451 1252 2518 lar·¹

94 2541 145 2582 rae
170 2527 311 2602 proventu
330 2527 360 2581 et
383 2521 525 2582 fertilitate
550 2541 711 2602 agnome.
751 2523 854 2604 Neque
872 2525 950 2584 enim
969 2543 1021 2584 sua
1040 2525 1148 2586 virtute
1166 2525 1239 2590 med·

96 2601 223 2680 liplieem
247 2599 390 2660 bonorum
416 2601 590 2662 affluentiam
612 2609 741 2682 generet,
766 2605 821 2663 nisi
844 2609 985 2682 quatenos
1005 2621 1069 2664 eam
1088 2597 1170 2664 Deus
1188 2623 1239 2686 pa·

97 2680 207 2740 edendis
230 2679 393 2740 bominibus
418 2683 534 2759 opterit
575 2681 642 2741 ldeo
668 2685 738 2742 snite
757 2689 787 2743 et
806 2683 946 2742 eonoinne
967 2681 1061 2742 David
1082 2685 1177 2762 penori
1197 2685 1237 2744 di·

98 2761 137 2820 cit
156 2759 317 2819 bominibus
336 2758 521 2834 framentum,
543 2762 610 2840 quia
630 2761 670 2820 sie
690 2769 789 2842 persis
808 2767 852 2822 est
871 2767 985 2821 terras
1008 2759 1145 2823 Domino.
1165 2761 1238 2823 Sea·

97 2858 146 2898 sus
165 2843 260 2898 autem
279 2845 331 2911 est,
351 2838 525 2934 opulentiam
544 2837 618 2900 hano
636 2843 788 2922 provenire
806 2859 845 2902 en
865 2846 949 2916 terra,
970 2841 1038 2920 qnia
1047 2839 1129 2901 Dens
1148 2843 1238 2902 instar

99 2919 210 3060 ppttrnit
222 2917 431 3060 patrisiaeffipleip's
455 2917 618 2980 bominibus
642 2921 805 3002 prospicere
825 2919 940 2996 volens,
964 2938 1030 2982 earn
1048 2920 1184 2982 formavit
1203 2927 1238 2982 ut

135 3017 229 3058 mena
249 3019 283 3058 su

175 3081 222 3140 11.
243 3019 349 3140 soldos
367 3087 439 3140 eius.
459 3075 586 3158 Quidem
604 3077 692 3140 verba
711 3077 783 3140 haee
802 3079 953 3140 resolvunt
972 3081 1003 3140 in
1023 3077 1235 3160 modumopta-
1263 3121 1266 3132 ·
1287 3121 1290 3132 ·

99 3158 202 3231 tivum,
228 3164 261 3220 ut
284 3161 322 3218 eit
340 3159 476 3238 precatio.
516 3158 607 3240 Atqui
626 3179 686 3220 non
705 3158 805 3220 dubito
825 3161 896 3239 quin
935 3159 1071 3222 retiarnrn
1090 3160 1247 3230 actionem,

97 3239 243 3308 oontmuet
266 3235 380 3316 Devid,
402 3259 437 3298 eo
462 3239 541 3318 qood
566 3245 670 3298 terram
694 3239 799 3321 pluviis
824 3239 889 3298 mad
918 3239 1013 3300 ruens
1037 3259 1072 3300 ee
1096 3245 1235 3312 saturnos,
1323 3265 1327 3286 ι

98 3315 284 3378 lrueddeandi
307 3319 367 3378 vim
393 3324 536 3400 suggeret.
576 3315 692 3397 Quibus
716 3317 811 3380 verbis
836 3317 976 3400 signifieat
1002 3325 1097 3380 totum
1117 3325 1236 3379 naturae

99 3397 223 3457 ordinem
248 3398 441 3459 testimoninm
454 3412 527 3458 ‘esee
545 3401 656 3480 paterni
676 3417 745 3480 ergo
764 3417 818 3459 nos
837 3397 895 3459 Dei
915 3399 1036 3473 omorio,
1062 3397 1141 3480 qnod
1162 3417 1235 3478 qno-

99 3478 192 3538 tidirni
214 3478 309 3539 vietus
328 3479 419 3538 nostri
438 3497 536 3538 euram
556 3481 699 3560 suscipere
718 3478 862 3560 dignetur.
899 3476 1035 3539 Pluribus
1055 3483 1151 3538 autem
1172 3495 1235 3538 ver·

100 3555 139 3616 bis
152 3557 280 3632 ,inculcat
298 3555 373 3618 bano
392 3556 449 3618 Dei
469 3559 597 3640 gratiam,
617 3576 704 3639 quom
723 3559 815 3620 maior
834 3575 902 3640 pers
920 3557 1021 3619 mundi
1040 3557 1127 3638 impie
1147 3557 1233 3618 eoele-

99 3643 209 3718 rsteque
234 3637 377 3698 obseurat.
417 3635 491 3698 Nam
516 3645 549 3697 ut
613 3639 696 3719 isque
721 3637 912 3720 perspicacior
931 3643 975 3698 est
994 3638 1024 3697 in
1045 3637 1232 3697 observandis

99 3715 270 3778 naturalibos·
286 3717 396 3791 mediis,
412 3719 456 3778 ita
475 3718 531 3777 illis
549 3717 581 3778 st
599 3738 655 3778 xus
674 3724 779 3793 manet,
798 3724 832 3778 ut
851 3717 887 3778 ad
907 3715 1005 3778 Deum
1024 3719 1141 3777 minium
1161 3735 1230 3776 eon·

100 3797 216 3858 resudet.
256 3795 390 3858 ilabebat
435 3797 529 3858 uidem
553 3797 747 3880 philosophia,
773 3817 832 3878 quo
857 3797 981 3878 penitius
993 3799 1111 3858 ‘excuti
1129 3813 1245 3875 aroorra¹

100 3873 163 3950 Dei,
185 3879 303 3958 propius
323 3897 377 3940 uos
397 3817 547 3958 adipsum
567 3877 722 3952 adducere,
748 3879 803 3938 nisi
823 3876 969 3938 obstarent
988 3879 1113 3958 previtae
1133 3882 1231 3936 nostra
1263 3881 1269 3891 “

103 3961 129 4011 et
145 3953 321 4036 ingratitudo.
351 3955 410 4017 Sed
431 3959 497 4038 qnia
517 3959 670 4018 acutissimi
695 3959 802 4038 quique
842 3957 938 4017 luviae
958 3959 1094 4037 originem
1114 3955 1144 4013 in
1165 3961 1230 4014 atre

102 4038 128 4091 et
144 4033 284 4131 elementis
304 4043 482 4134 quaerentes,
502 4039 601 4098 oeulos
621 4045 650 4099 et
670 4057 769 4112 sensus
789 3977 883 4098 αὖα)
901 4043 1046 4110 evomunt,
1064 4035 1157 4115 magis
1177 4051 1231 4131 nqs

102 4113 506 4260 expertgdfiecnorfflsdrddddr
523 4143 722 4276 hosfioeruio.
753 4193 877 4257 Vertnnt
895 4195 953 4268 elii,
973 4193 1104 4254 Coronos
1119 4211 1227 4254 annum

102 4269 291 4332 mndoenme
310 4280 390 4336 tuse:
416 4278 497 4358 qussi
517 4275 625 4336 dieeret
643 4275 753 4349 David,
778 4295 868 4336 annos
887 4273 994 4336 fertiles
1013 4273 1153 4334 exoellere
1173 4274 1229 4332 sin·

102 4351 180 4432 gulari
199 4352 310 4428 dooere,
328 4356 386 4415 tesi
406 4375 455 4416 eos
475 4375 582 4417 oorona
602 4363 717 4416 ornaret
732 4353 825 4414 Dens:
845 4353 1087 4435 quemadmodum
1101 4351 1229 4412 riobun-
1257 4405 1258 4410 ,

102 4433 200 4501 dautior
224 4431 309 4494 solito
332 4435 370 4496 sit
389 4437 505 4511 messis,
529 4443 560 4497 et
579 4437 713 4517 eopioeae
732 4434 918 4578 vindemipqq
932 4434 1002 4495 base
1020 4433 1075 4494 erit
1094 4433 1161 4493 enni
1180 4449 1227 4492 oo·
