2748 4890
190 295 245 352 ρας
620 288 899 335 neu'nvruus

190 381 314 480 iucunde
331 415 462 558 pauxillo
482 435 514 477 se
533 415 728 493 oblectnbnnt,
747 437 834 500 ιῐιιιιι
853 417 966 480 dualiter
984 415 1059 480 altos
1079 421 1341 501 opnmfeuruulor,

191 499 295 580 quibus
311 501 472 576 gotiantur
489 497 527 556 im
549 497 578 572 ii,
598 499 679 578 quasi
699 517 736 559 ex
756 499 815 559 alto
835 499 997 580 despicient.
1037 497 1151 560 interca
1170 519 1343 574 monenmr,

78 619 83 624 -
192 578 328 658 quamdiu
342 578 464 658 propriis
478 577 531 636 viri
572 579 738 652 enituntur,
757 585 786 638 et
800 597 853 639 sno
875 577 978 639 robore
996 579 1156 640 insolenter
1173 599 1209 641 se
1231 583 1343 641 noant

190 658 280 740 impii,
296 657 503 736 expectendum
518 675 580 717 csse
596 657 665 716 dum
679 664 808 720 conterat
821 657 1045 738 Deusipsorum
1058 658 1185 720 brechia.
1213 657 1345 721 Nostrae

190 743 285 836 autem
304 735 474 797 infirmitatis
493 735 550 796 boc
569 737 709 819 optimum
728 755 791 799 esse
809 739 959 814 solatium,
990 737 1069 820 quod
1092 757 1149 800 nos
1169 737 1260 800 Deus
1279 742 1344 822 ipe

190 821 320 958 ammiod:
343 896 437 956 Novit
455 897 566 958 Ieltooo
585 898 647 958 dies
665 846 861 980 integrorum.⁸
889 896 957 958 Nou
980 896 1031 959 aba
1049 900 1086 958 rc*
1100 899 1197 960 toties·
1211 900 1343 960 inerint

90 1008 94 1016 ι
190 975 300 1050 David,
328 975 394 1035 ideo
415 975 510 1036 beatos
530 995 592 1037 mse
610 979 701 1037 iustos
721 979 788 1057 quia
807 995 907 1037 eornm
927 977 1143 1038 necessitatibus
1164 977 1255 1039 Dens
1276 1001 1341 1059 pro

191 1057 283 1136 spicit.
303 1053 439 1122 Videmus
460 1075 546 1138 quam
565 1075 708 1138 propensa
728 1058 785 1116 sint
803 1057 838 1116 a‘d
859 1057 1062 1118 dubitationem
1080 1057 1243 1118 hominnm
1264 1061 1342 1138 iuge·

191 1139 247 1209 niu,
266 1142 296 1194 et
315 1155 402 1214 quam
421 1151 471 1195 eos
490 1143 645 1216 torqueant
659 1137 819 1218 superfluae
832 1155 926 1211 curae,
945 1136 1050 1216 quibus
1064 1135 1154 1197 linem
1169 1146 1200 1197 et
1218 1139 1341 1198 modum

102 1235 110 1264 ι
190 1230 298 1298 ponere
316 1222 473 1295 nequeunt.
502 1215 612 1288 Interea
632 1215 744 1297 obrepit
762 1217 882 1278 alterum
902 1217 1017 1286 viriumr
1043 1216 1113 1276 dum
1131 1217 1246 1278 volunt
1265 1220 1340 1278 ultra

156 1307 168 1326 '
192 1315 280 1376 qnam
299 1295 382 1354 liceat
397 1313 463 1375 lesse
482 1296 609 1376 providi:
629 1303 659 1356 et
677 1303 773 1356 taumu
789 1301 821 1355 ul
837 1297 966 1355 acumine
986 1303 1015 1356 et
1033 1296 1176 1356 industria
1196 1297 1340 1378 polleant,

145 1399 150 1409 ¹
192 1373 310 1435 subinde
340 1375 370 1432 in
394 1375 536 1456 capiendis
562 1375 685 1434 consiliis
711 1374 859 1450 labuntur,
889 1373 989 1435 deiude
1015 1393 1167 1435 successus
1192 1395 1251 1437 eos
1281 1399 1339 1438 non

190 1468 257 1516 ιιιιο
282 1454 417 1514 destituit.
457 1452 556 1533 Quare
579 1455 651 1516 nihil
675 1455 772 1514 nlilius
796 1462 840 1514 est
863 1473 950 1534 quam
969 1455 1082 1514 assidue
1101 1454 1187 1515 nobis
1235 1461 1338 1538 roponi

190 1533 247 1597 Dei
267 1533 483 1615 providentiam,
503 1553 577 1614 quae
597 1533 657 1594 solo
677 1536 785 1615 optime
804 1533 886 1594 nobie
905 1533 1053 1594 consulere
1072 1543 1177 1615 potest.
1241 1555 1278 1598 ec
1297 1557 1338 1596 ra-

190 1617 269 1676 tione
288 1633 365 1673 nunc
385 1610 452 1673 dicit
466 1613 559 1674 David
581 1613 640 1674 dies
659 1615 798 1674 iustorum
813 1611 878 1673 Deo
897 1633 959 1674 esse
972 1616 1112 1694 cognitos,
1132 1613 1192 1674 hoo
1208 1623 1259 1675 est
1274 1637 1337 1675 erun

190 1695 307 1756 minime
326 1694 414 1754 latere
435 1693 537 1773 quibus
556 1694 718 1753 subiaceant
742 1694 891 1774 periculis,
920 1699 950 1754 et
974 1693 1078 1772 quibus
1103 1693 1245 1754 subsidiis
1266 1717 1337 1776 opus

190 1773 323 1840 babeant.
352 1769 444 1850 liuius
468 1779 563 1834 anoem
583 1773 728 1832 doctrinae
747 1793 816 1832 usus
836 1775 873 1834 ad
892 1775 1017 1853 singulas
1036 1775 1215 1834 mutationes
1238 1785 1335 1854 aptan-

191 1855 246 1915 dus
266 1860 310 1913 est
329 1871 403 1934 quae
427 1853 509 1912 nobis
534 1854 645 1914 ruinam
669 1853 827 1926 minantur,
855 1860 1003 1932 utcunque
1026 1854 1101 1914 enim
1122 1873 1281 1914 versemur
1304 1875 1336 1916 ac

191 1933 342 2007 iactemur,
366 1939 452 2012 alque
477 1935 538 2013 ipsu
557 1934 679 1992 varietas
699 1931 815 2012 singulis
834 1935 986 1992 momentis
1005 1940 1186 2012 praesentem
1208 1941 1334 1994 mortem

193 2017 326 2087 ostentet,
346 2011 475 2071 sufficere
493 2011 575 2071 nobis
591 2011 674 2071 debet
687 2011 758 2070 haec
773 2012 939 2084 consolatio,
957 2030 1015 2070 nou
1031 2010 1124 2070 solum
1139 2013 1201 2070 dies
1219 2019 1335 2072 nostros

192 2103 211 2152 a
230 2091 295 2152 Deo
319 2098 484 2150 numeratos
508 2109 584 2166 csse,
614 2091 662 2150 sed
682 2093 777 2150 varios
801 2091 885 2150 etiam
909 2095 991 2149 casus
1017 2093 1066 2170 qni
1084 2091 1169 2149 nobis
1189 2092 1334 2152 subeundi

192 2179 269 2244 suut,
289 2171 314 2230 ei
334 2187 396 2232 esse
416 2173 553 2250 cognitos.
574 2168 674 2248 Quum
694 2171 734 2229 aio
753 2167 970 2249 invigiletDeus
990 2170 1024 2228 ad
1044 2169 1182 2229 tuendam
1200 2179 1334 2230 nostram

191 2249 328 2324 salutem,
351 2251 380 2310 ἱιι
401 2248 455 2308 hac
474 2251 700 2330 peregrinatione
719 2269 778 2308 nou
798 2267 880 2308 secus
900 2249 1000 2308 animis
1020 2249 1168 2328 quiescere
1186 2269 1248 2310 nos
1269 2271 1335 2322 con·
1370 2287 1371 2290 =

191 2331 281 2401 benit,
300 2345 388 2408 quam
406 2327 436 2386 in
455 2328 545 2388 iuudo
565 2327 762 2388 haereditario.
782 2325 927 2406 Quoniam
947 2329 1022 2387 cuim
1037 2345 1053 2386 a
1068 2326 1134 2387 Deo
1148 2331 1333 2410 respicimur,

190 2407 257 2472 lude
282 2408 388 2490 colligit
411 2405 508 2467 David
532 2405 733 2467 haereditatem
757 2413 885 2466 nostram
913 2425 976 2467 esse
1005 2413 1183 2488 perpetuum.
1233 2407 1334 2487 Quum

191 2495 286 2548 autem
305 2489 432 2568 integros
451 2488 492 2547 sic
511 2485 579 2546 dicit
598 2489 710 2568 protegi
729 2507 747 2546 a
767 2485 907 2562 Domino,
930 2505 984 2544 nos
1010 2485 1046 2544 od
1071 2488 1216 2546 sincerum
1262 2489 1333 2547 robi-

190 2569 269 2632 tatis'
282 2567 407 2646 studium
432 2565 574 2626 hortatur:
604 2567 662 2626 aeri
686 2567 816 2648 cupimus
840 2566 893 2625 sub
912 2563 967 2624 Dei
992 2565 1133 2660 praesidio
1157 2567 1215 2626 tuti
1267 2575 1333 2629 tere

191 2645 436 2708 monsuetudinem
461 2646 602 2720 colamus,
625 2646 803 2728 iecessatque
828 2645 951 2706 anobis
976 2643 1147 2705 diabolicum
1172 2645 1248 2706 illud
1269 2669 1332 2729 pro

167 2771 168 2776 ι
190 2725 332 2801 terbium,
354 2725 429 2786 luter
448 2725 532 2806 lupos
553 2725 720 2785 ululandum
739 2745 811 2788 esec.
964 2781 965 2788 ,

272 2809 320 2868 19.
350 2807 426 2902 {ipro⁸
438 2807 589 2902 pudefient
609 2815 737 2886 tempore
755 2807 886 2866 odumso.
925 2802 1020 2864 Docet
1044 2804 1129 2864 etiam
1156 2803 1204 2864 bic
1232 2823 1333 2864 veram

191 2883 1256 3044 tttdtttttttt?ttttttttttt2ttttttttttt‘ptiust,
1273 2905 1332 3024 tt?

192 3049 290 3106 tamen
309 3051 439 3123 gustatur
458 3045 511 3103 nisi
530 3043 595 3104 fide.
636 3043 710 3103 Num
730 3044 787 3104 duo
809 3044 878 3102 haec
897 3045 1069 3122 coniungere
1088 3049 1222 3124 oportet,
1250 3045 1332 3104 eiecti
1368 3069 1369 3076 ι

171 3126 275 3196 ,malis
294 3125 324 3183 in
345 3125 528 3184 boemundo
547 3125 676 3204 permisti
694 3127 762 3183 sunt
780 3121 888 3198 fideles,
907 3125 946 3182 ila
966 3121 1070 3181 semem
1090 3129 1120 3181 et
1133 3141 1181 3182 res
1196 3122 1332 3184 sunno

193 3206 323 3286 utrisque
344 3221 406 3262 esse
425 3221 605 3262 communes:
634 3223 725 3262 uuum
748 3221 811 3262 esse
830 3202 994 3274 discrimem,
1019 3201 1098 3282 quod
1118 3199 1202 3262 lleus
1223 3206 1284 3263 suis
1303 3206 1330 3262 in

192 3283 361 3344 necessitate
380 3299 498 3342 manum
517 3284 673 3363 porrigens,
693 3283 796 3363 impios
815 3281 927 3342 deserit.
957 3281 989 3340 Si
1009 3283 1074 3360 quis
1093 3281 1219 3356 obiiciat,
1239 3283 1330 3342 mulos

191 3361 529 3502 niliiii'l’i‘if‘ii
549 3361 960 3503 ttt‘tttttettttit
981 3362 1240 3500 titttstttm
1264 3363 1330 3500 'lif
1367 3449 1368 3492 ι

192 3522 330 3602 cipueiu
354 3539 390 3580 eo
414 3485 498 3581 silam
518 3461 594 3595 gaze,
624 3485 703 3602 q'uod
726 3539 816 3602 quum
840 3521 962 3580 teuniter
980 3520 1109 3579 victitent
1130 3461 1328 3597 iidcle⁹s‚pimo
1367 3497 1368 3569 i

191 3600 279 3661 ieiuni
298 3607 328 3658 et
347 3600 455 3660 steriles
474 3601 511 3660 ad
530 3619 648 3681 porcum
666 3602 774 3661 victum
795 3601 945 3681 suspirent,
965 3596 1045 3659 Dens
1064 3607 1164 3660 tamen
1182 3600 1193 3658 i
1215 3620 1264 3660 sos
1282 3603 1329 3660 alit

191 3696 252 3741 non
272 3697 355 3739 aecus
374 3681 431 3740 acsi
451 3687 613 3762 suppeteret
632 3681 717 3762 longe
737 3680 852 3740 uberior
871 3681 967 3762 copia,
994 3697 1080 3758 quam
1103 3621 1327 3818 increduliqqui

191 3765 286 3820 tolum
305 3759 445 3819 muudum
466 3762 526 3820 siue
552 3761 681 3832 satietate
705 3761 887 3841 ingurgitant.
926 3757 1009 3819 Adde
1032 3760 1133 3830 etiam,
1156 3765 1259 3840 tempo

192 3841 260 3900 istas
283 3839 491 3900 benedictiones
513 3843 558 3915 (ut
573 3841 637 3902 alibi
653 3841 788 3918 diximus)
808 3853 946 3900 nomem
968 3857 1079 3897 cresse
1099 3839 1281 3919 conspicuas,
1299 3843 1326 3896 ul
1366 3871 1367 3888 2

191 3919 303 4000 aequali
322 3918 408 3978 modo
428 3919 527 3978 linunt.
551 3917 626 3979 Nam
641 3922 771 4001 ῳιιιιιιίι
786 3925 884 4000 aperta
899 3919 936 3977 sit
996 3917 1166 3990 'manuni
1190 3920 1215 3977 si
1234 3917 1326 3980 sumus
1366 3899 1367 3955 i

190 4000 321 4071 restricti,
342 3995 373 4057 el
390 4005 488 4058 nostra
508 3997 656 4058 iulidelitas
675 4019 735 4060 non
755 3999 818 4059 leve
838 3997 1017 4058 obstaculum
1035 3997 1156 4066 esteim
1269 4017 1325 4057 ceu·

191 4080 257 4137 tiae.
282 4077 343 4137 lam
362 4079 429 4158 quia
448 4079 543 4138 statim
563 4077 705 4139 diitlueret
723 4097 790 4138 caro
809 4085 918 4151 nostra,
937 4077 1093 4148 restrictius
1106 4071 1261 4137 uobiscum
1276 4079 1326 4156 agit

190 4155 287 4218 Dens:
316 4164 346 4216 et
364 4175 402 4216 ue
421 4174 472 4216 sua
491 4157 666 4238 indulgentia
685 4179 739 4218 noe
764 4163 944 4240 corrumpat,
969 4173 1055 4237 parce
1080 4155 1227 4236 erogando
1254 4155 1325 4236 quod
1365 4221 1366 4240 p

191 4237 299 4316 alioqui
319 4237 402 4316 plena
422 4238 505 4318 copia
524 4238 619 4318 largiri
638 4245 754 4319 paratus
773 4245 862 4311 esset,
887 4237 924 4297 ad
942 4235 1133 4316 frugalitatem
1153 4255 1208 4303 uos
1229 4237 1322 4295 emdit.
1365 4271 1366 4341 p

192 4315 278 4374 (berte
299 4311 588 4398 quisquis'expendet
608 4337 694 4398 quam
715 4319 802 4388 simus
823 4335 922 4378 omnes
943 4317 978 4375 ad
998 4317 1142 4375 lasciviam
1166 4321 1198 4374 et
1217 4315 1322 4375 delicio

190 4396 335 4474 propensi,
354 4397 477 4460 eundern
496 4415 554 4479 que
567 4395 649 4459 Dens
667 4403 781 4460 exercet
799 4415 868 4458 suos
887 4395 995 4473 fideles,
1014 4415 1074 4456 nou
1087 4393 1248 4456 mirabilem
1274 4392 1320 4454 Co
