2836 4886
180 259 236 320 4⁶3
417 263 421 282 ¹
622 261 639 302 ι.
669 258 910 302 susurrus

236 385 351 448 esertim
371 341 523 446 metuenda
543 387 588 444 cst
606 381 712 446 furiosa
732 383 780 446 illa
799 383 932 458 caecitas,
957 401 996 446 ne
1015 403 1082 444 caru
1104 379 1169 442 Dei
1193 364 1378 440 eorstrrsne-¹

197 469 222 528 ἰι
246 485 280 528 so
349 465 430 524 'tium
454 463 538 524 ninia
563 463 622 524 alte
645 464 727 526 tollat
756 467 807 546 qui
832 465 976 546 potentiae
999 481 1070 526 suae
1093 461 1214 524 fiducia
1237 432 1380 550 dsuinsl

185 565 255 608 ιιιιι
316 544 430 626 gilitstb
449 543 635 606 obliviscitur.

278 745 332 816 12.
353 743 464 814 Semel
490 741 643 838 loquutus
672 753 721 813 est
742 743 843 830 Deus,
868 745 918 813 bis
939 743 1003 814 boe
1024 741 1146 828 audvi,
1170 742 1272 834 qnod
1304 764 1356 832 pe

185 864 284 922 ιιιιιι
305 853 348 922 sit
374 849 458 937 Deo,
502 851 555 920 13.
582 849 625 918 Et
650 850 707 918 tibi
735 851 875 922 Domine
902 849 1083 935 clementia,
1109 857 1208 919 certe
1238 857 1279 916 tn
1318 871 1365 914 re-

186 959 308 1054 pendes
329 959 445 1052 cuique
467 957 646 1026 secundum
668 979 750 1049 opos
771 981 877 1028 sumn.

267 1108 316 1168 12.
337 1105 433 1165 Semel
453 1105 601 1186 ιοιιιιιιιι.
641 1101 797 1164 Concludit
819 1123 878 1166 non
902 1103 986 1164 aliter
1010 1119 1096 1184 posse
1120 1099 1266 1161 obstr-abi
1295 1101 1365 1160 ani-

189 1203 253 1248 mos
278 1203 296 1246 a
320 1184 456 1258 ιιιιιιιιι,
476 1200 566 1262 quam
590 1184 747 1264 sipenitus
767 1190 798 1244 et
816 1189 980 1246 mustanter
1002 1183 1033 1242 in
1052 1180 1110 1242 Μ
1135 1181 1292 1242 iudicium
1320 1184 1386 1260 ia-¹

191 1265 265 1326 tenti
283 1265 348 1324 sint.
388 1260 489 1340 Quum
507 1262 516 1322 i
537 1261 595 1322 itur
614 1261 673 1324 buc
691 1269 721 1324 et
738 1263 807 1324 illue
826 1264 891 1324 ideo
915 1267 1065 1344 rapientur
1082 1260 1254 1322 bominum
1272 1280 1363 1320 men

189 1352 243 1418 tea,
261 1349 312 1404 aut
332 1341 432 1402 saltem
458 1283 606 1416 medient,
672 1343 699 1402 ia
723 1341 758 1419 ad
783 1345 877 1407 varius
902 1342 1001 1404 mundi
1024 1342 1240 1402 inclinationes
1267 1341 1360 1400 atter·

190 1429 270 1496 naut
279 1419 432 1500 tranquilla
448 1423 533 1482 eletio
548 1363 708 1484 ostmbdur
720 1439 738 1484 ι
752 1421 874 1497 Davide‚
894 1422 942 1488 ubi
953 1422 1224 1516 scilicetpalienter·
1234 1421 1360 1514 aquie·

190 1505 295 1564 scimm
319 1502 351 1562 in
375 1499 466 1562 verbo
490 1499 556 1562 Dei.
596 1501 732 1564 Ceterum
757 1505 825 1584 quia
849 1503 887 1564 ad
906 1501 1003 1564 Deum
1068 1521 1078 1562 ι
1103 1500 1208 1564 iucem
1239 1499 1360 1560 ιιιιιιιιι

190 1585 371 1654 mammeam,
391 1585 420 1642 1.
439 1579 513 1642 Tim.
534 1583 563 1655 6,
583 1583 632 1644 16.
652 1601 737 1642 nemo
756 1585 903 1665 perveniet
926 1581 980 1642 nisi
1004 1577 1257 1654 liedimctriee,
1280 1578 1353 1638 Pro·

190 1661 278 1760 pheta
296 1659 417 1722 verbum
436 1661 519 1722 uobis
539 1661 683 1744 proponit,
702 1683 761 1742 quo
781 1670 902 1724 testatur
921 1660 1002 1722 Deus
1023 1659 1166 1720 muudum
1189 1679 1227 1720 se
1250 1677 1355 1740 regere

191 1747 267 1804 tusto
287 1741 417 1822 imperio.
455 1739 495 1800 Et
513 1741 581 1822 quis
600 1759 774 1822 magnopere
794 1745 911 1804 interest
935 1760 988 1802 nos
1007 1741 1038 1800 ln
1056 1737 1146 1800 Verbi
1173 1737 1242 1799 lide
1264 1737 1353 1798 stabi·

191 1823 256 1896 lire,
275 1823 337 1882 eius
356 1820 556 1882 certitudinem
575 1823 765 1884 commendat.
795 1821 971 1902 Quanquam
990 1827 1085 1880 autern
1106 1819 1232 1878 duobus
1256 1819 1351 1878 modis

192 1901 308 1964 conteri
328 1907 448 1980 possunt
467 1899 563 1973 verba,
582 1900 647 1960 linis
667 1908 763 1964 tamen
782 1909 835 1976 est,
849 1899 944 1962 Deum
964 1899 1018 1958 sibi
1028 1897 1118 1979 probe
1139 1905 1299 1970 constare,
1318 1904 1349 1956 ut

191 1981 308 2044 minime
327 1980 452 2040 timenda
472 1981 509 2040 sit
527 1983 649 2042 mutatio
668 2001 759 2058 quum
778 1981 939 2042 sermonem
958 1977 1087 2061 protulit.
1127 1975 1221 2039 Multi
1245 1979 1292 2038 ita
1310 1977 1347 2036 lr-

191 2067 272 2144 gaut,
292 2057 390 2118 Semel
415 2079 449 2119 ac
469 2059 521 2130 bis,
546 2061 593 2120 vel
618 2061 705 2120 altera
729 2062 791 2122 vice
815 2063 968 2142 loquelam
987 2077 1049 2120 esse
1069 2055 1184 2118 Demus
1208 2063 1247 2118 ut
1270 2077 1344 2138 repe

192 2143 262 2202 titus
282 2157 378 2197 sermo
398 2139 434 2196 ad
445 2137 689 2200 confirmationem
702 2139 809 2202 valeat:
830 2141 887 2202 acsi
898 2139 1023 2211 dixisset,
1043 2135 1140 2197 Deum
1157 2137 1244 2198 clare
1267 2155 1345 2197 suam

191 2218 351 2300 potentiam
371 2221 401 2274 et
420 2215 576 2274 bonitatem
596 2217 686 2272 remei
705 2219 793 2293 atque
812 2215 914 2274 ilerum
934 2217 1097 2290 asseruisse,
1116 2217 1237 2277 utiam
1260 2217 1344 2278 ambi

192 2312 259 2374 gers
279 2292 322 2352 las
342 2313 402 2352 non
422 2296 467 2352 sit.
507 2289 546 2354 Et
565 2291 645 2352 locus
664 2291 724 2350 lob.
748 2295 798 2368 33,
819 2294 866 2356 14.
892 2313 951 2356 nou
975 2295 1097 2354 multum
1122 2295 1249 2358 videtur
1276 2297 1345 2353 absi-
1392 2321 1393 2324 ¹

192 2372 281 2444 milis,
307 2367 385 2448 quod
405 2367 487 2428 Deus
512 2371 602 2430 semel
624 2376 655 2430 et
680 2369 770 2432 ultera
795 2373 857 2431 vice
876 2371 1025 2452 loquatur,
1049 2370 1149 2431 eadem
1169 2373 1259 2434 emin
1282 2379 1343 2432 emt

194 2448 282 2508 verba
302 2449 355 2508 nisi
417 2447 454 2506 od
475 2447 580 2530 copula
600 2449 799 2529 interponitur.
839 2449 919 2512 Sicui
942 2451 1032 2532 magis
1056 2449 1232 2512 adlubescet
1255 2453 1340 2512 altera

193 2528 347 2602 distinctio,
367 2467 465 2588 qumel
484 2527 514 2588 lo
536 2533 623 2588 uulua
633 2527 778 2605 mtDem,
797 2527 854 2590 hoe
872 2529 1036 2590 bisaudivi:
1049 2531 1341 2601 truatursuosensu

193 2605 268 2668 Nam
288 2611 316 2666 et
336 2607 564 2667 circumstantiae
582 2607 642 2668 loci
661 2607 733 2670 bene
753 2611 896 2684 convenit,
915 2616 945 2668 et
963 2609 1029 2668 inde
1048 2610 1162 2670 elicitur
1187 2611 1276 2670 utilis
1297 2613 1342 2670 do

195 2687 302 2748 ctrina:
323 2683 401 2764 Quia
421 2684 503 2747 Deus
522 2686 571 2746 ubi
590 2687 677 2748 semel
696 2689 835 2768 loquutus
854 2695 900 2750 est
918 2707 1087 2764 sermonem,
1107 2709 1167 2748 non
1187 2697 1342 2750 retractat:
1394 2713 1395 2722 ι

194 2773 327 2826 nostrum
346 2783 420 2838 ease.
440 2767 489 2826 diu
508 2773 538 2826 et
556 2767 669 2846 prolixe
688 2769 816 2828 meditari
827 2767 963 2850 quiequid
977 2785 1105 2829 exaaero
1126 2771 1255 2832 eiusore
1275 2790 1341 2851 pro

72 2842 76 2853 ’
194 2845 303 2906 lectum
323 2851 375 2919 est,
395 2847 477 2924 quasi
496 2845 614 2906 dixisset
634 2843 840 2924 David,=Deus
864 2848 952 2908 verbo
977 2867 1030 2908 suo
1055 2867 1108 2908 nos
1132 2848 1235 2910 docet:
1260 2849 1342 2930 quod

194 2925 285 2988 instar
304 2925 436 3004 perpetui
456 2931 486 2984 et
510 2923 694 2986 immutabilis
728 2927 832 2988 decreti
862 2925 1022 2988 habendum
1052 2934 1109 2987 est:
1132 2947 1188 3008 ego
1215 2931 1341 2990 veroin

194 3002 284 3064 verbo
304 3005 366 3062 eius
385 3021 432 3062 me
451 3005 564 3084 saepius
583 3005 707 3077 exercui,
726 3025 764 3066 nc
783 3007 920 3087 temporis
935 3024 1068 3066 successu
1078 3005 1234 3088 obreperet
1254 3008 1341 3068 buius

197 3081 342 3142 doctrinae
362 3079 477 3142 oblivio.
517 3081 576 3142 Sed
596 3087 663 3163 quia
683 3085 838 3165 simplicior
861 3103 925 3146 esse
950 3085 1070 3146 videtur·
1086 3085 1175 3147 altera
1195 3088 1226 3148 lo
1271 3091 1342 3160 atio,

196 3159 294 3220 Semel
314 3166 344 3218 et
363 3159 406 3218 bis
426 3160 579 3298 lopuutum
599 3181 661 3223 esse
679 3161 791 3237 Deum,
815 3166 844 3224 in
868 3165 946 3224 illam
971 3165 1053 3235 focile
1073 3165 1186 3226 inclino.
1244 3175 1342 3228 nterea

197 3247 296 3300 tamen
316 3238 454 3318 repudiari
473 3257 491 3300 ι
510 3247 554 3300 est
573 3261 672 3302 eornm
692 3261 724 3302 ar
743 3247 811 3319 utin,
830 3245 880 3324 qui
890 3243 988 3304 dicum
997 3243 1092 3306 Semel
1104 3245 1259 3325 loquutum
1279 3266 1342 3306 esse

197 3319 228 3378 in
249 3315 334 3396 lege,
355 3319 459 3378 iterum
482 3318 584 3380 deiude
606 3322 637 3380 iu
656 3263 816 3403 propbetis,
841 3325 909 3403 quia
933 3323 1004 3385 nibil
1027 3323 1105 3384 aliud
1128 3325 1222 3386 voluit
1242 3325 1343 3386 David

199 3411 287 3476 quam
308 3395 393 3456 buius
423 3397 569 3459 doctrinae
597 3404 794 3461 auctoritatem
818 3401 908 3484 probe
931 3405 1068 3468 mudum
1086 3421 1163 3464 esse:
1187 3407 1274 3466 sicuti
1292 3406 1340 3466 ilr-

197 3477 272 3536 mius
291 3493 326 3534 sc
345 3477 434 3556 magis
454 3483 548 3538 ratum
568 3477 650 3538 uobis
669 3499 731 3540 esse
750 3479 823 3542 solet
840 3481 917 3562 quod
931 3483 1043 3563 saepius
1053 3485 1264 3564 promulgatur.
1294 3485 1340 3544 ln·

147 3612 152 3625 ,
197 3561 274 3614 terea
294 3555 515 3632 meminerimus,
535 3557 655 3618 simulac
674 3557 793 3620 verbum
814 3559 1032 3639 protulitDeus‚
1050 3581 1122 3624 mox
1141 3563 1252 3644 absque
1271 3585 1340 3624 eou-

148 3628 154 3641 '
197 3631 337 3694 troversia
356 3635 594 3712 acquiescendum
614 3655 688 3698 esse:
708 3640 790 3698 sicuti
810 3641 915 3720 impuri
935 3641 1052 3720 quidam
1071 3661 1156 3704 osnes
1176 3644 1339 3706 doctrinm

198 3709 332 3792 ampiecti
351 3719 484 3772 recusant
503 3733 577 3794 quae
596 3735 655 3776 noa
675 3718 712 3776 sit
731 3717 850 3798 probata
860 3720 950 3778 tribus
969 3721 1017 3781 vel
1036 3729 1162 3802 quatuor
1171 3721 1340 3806 Scripturas

199 3791 377 3852 testimoniis.
417 3789 492 3850 Num
516 3795 608 3854 etita
634 3795 711 3876 apud
735 3815 788 3856 nos
814 3795 952 3860 blaterare
975 3817 1061 3859 ausus
1086 3809 1132 3862 est
1154 3802 1261 3865 nebulo
1280 3805 1338 3877 ille,

198 3869 878 4034 distillat.llittttttstttttlm
895 3877 1336 4024 lli'idsiifiilffiffliii.

200 4032 315 4112 saepius
333 4029 477 4111 loquendi,
496 4029 547 4092 sed
566 4029 769 4093 dubitationem
789 4035 915 4094 eximere
934 4037 995 4094 eius
1016 3982 1176 4116 esesdune,
1201 3983 1277 4122 qupab
1297 4043 1333 4101 di·

199 4112 282 4170 sertis
302 4109 404 4182 verbis,
424 4129 481 4170 non
500 4109 637 4190 ambiguis
662 4117 763 4172 testata
787 4117 839 4170 est.
879 4111 974 4172 David
998 4124 1098 4194 postea
1123 4123 1259 4204 exemplo
1284 4141 1334 4182 suo

127 4249 130 4254 ,
200 4189 294 4265 ducet,
313 4191 360 4270 pia
380 4191 536 4253 attentione
551 4195 712 4250 reverenter
730 4189 822 4249 excir‘
869 4189 877 4204 “
983 4191 1077 4258 ···.1)es
1095 4217 1269 4277 sermonem,
1287 4221 1334 4262 ne·

200 4289 257 4348 que
275 4269 466 4350 respuendum
508 4289 545 4329 uo
565 4269 655 4328 maior
673 4285 767 4350 parss
1023 4273 1080 4336 “uie
1100 4295 1171 4352 vero
1190 4299 1251 4342 nou
1271 4300 1331 4360 pro·

201 4351 307 4412 miscus
327 4349 469 4430 quaebbet
487 4291 637 4412 boctrinae
660 4349 752 4430 capita
1060 4373 1117 4419 'sm
1143 4377 1249 4440 operae
1273 4377 1331 4441 pra
