2726 4888
338 250 371 326 ,⁸
462 276 695 324 curasan.
723 281 828 324 ιιιιιι.
1158 283 1213 340 503

5 413 8 422 '
63 407 131 466 i'nii
149 389 323 504 publieiibus,
340 403 422 484 qaod
440 401 528 464 barile
545 404 796 501 absordumnapud
816 423 871 466 nos
891 405 973 466 bret„
1004 404 1092 502 Quod
1112 411 1213 503 postca

5 555 7 652 ;
63 477 1126 660 :otorantinam“incantatrici
1144 505 1212 626 u:

5 717 6 722 η
62 646 238 704 maledictas
258 662 327 702 erae
350 641 518 724 ⁸Geuornus
542 651 647 718 tarraco¹
663 643 719 703 boc
742 645 806 704 loco
832 664 932 704 sensus
952 648 1031 706 vocis
1051 653 1105 728 esi,
1125 653 1157 706 ut
1176 645 1212 706 ad
1283 687 1286 701 .

5 743 7 748 ·
63 721 171 784 Deum
191 721 364 784 laudandum
388 719 563 782 'conueniant
587 723 752 804 quicunque
776 725 913 805 originem
937 725 1047 786 ducunt
1071 746 1088 785 a
1112 733 1212 784 sancto

4 823 6 830 ’
62 803 238 864 Patriamba
263 803 357 862 laocb.
397 802 457 862 Etsi
481 805 557 863 enim
583 823 642 863 uon
666 823 765 864 ornnes
794 807 937 865 vocationi
966 824 1036 866 suaa
1060 805 1212 886 responde·

4 903 6 910 ¹
61 883 152 956 bant,
177 885 398 945 maritatarum
423 890 516 946 tutum
543 901 647 963 genus,
673 885 751 962 quod
775 893 835 945 erat
856 884 1154 952 Divinitus-eiectum,
1175 883 1211 944 ad

61 963 131 1023 bec
150 963 262 1044 pietatis
282 962 410 1022 officium
437 965 546 1022 inritat.
588 963 620 1022 Si
645 969 710 1046 quis
733 970 828 1024 tamm
855 965 935 1024 malit
957 963 1053 1024 Fontis
1079 966 1125 1023 vei
1146 963 1212 1024 Ori·

4 1041 6 1050 '
62 1046 147 1124 ginis
167 1043 282 1102 nomine
302 1041 476 1124 hypocritas,
497 1037 882 1124 quise'iaiacgloriabaniur
902 1043 1106 1106 esseAbrabae
1127 1043 1212 1116 iiiios,

4 1121 6 1156 ³
90 1143 163 1182 unm
189 1131 283 1182 essent.
308 1124 474 1202 degeneres,
499 1143 516 1182 a
542 1123 639 1204 probis
664 1130 692 1183 et
716 1126 821 1184 sanctis
841 1123 971 1196 discerni,
992 1143 1051 1184 non
1072 1141 1211 1204 repugno.

61 1145 135 1262 geli
154 1205 232 1262 edim
251 1202 318 1262 iidei
337 1205 495 1262 imitatores
515 1205 588 1266 inter·
607 1203 747 1282 legitimos
766 1203 1011 1264 suliuacenaeninr.
1042 1201 1099 1264 Sed
1119 1213 1212 1284 quoni

3 1289 5 1314 ³
62 1283 245 1362 generaliter
264 1287 300 1342 de
319 1285 422 1342 mactis
443 1285 542 1362 populi
561 1281 750 1349 corruentibus
769 1284 914 1363 loquatur,
932 1286 1036 1343 mirum
1055 1290 1099 1342 esi
1118 1285 1211 1362 primo

3 1375 9 1388 ·
61 1363 138 1422 loeo
157 1364 245 1421 arctoi
265 1363 368 1422 tribum
389 1361 546 1422 Beniamin.
576 1356 718 1423 Divinalrt
735 1363 850 1443 quidam
860 1365 1037 1444 interpretes,
1057 1365 1125 1442 quia
1144 1383 1212 1500 pro-

3 1461 12 1482 ι
89 1449 137 1501 ter
156 1441 425 1509 viciniam-David
452 1449 565 1522 praeno
590 1450 671 1502 erant
695 1443 883 1504 Benianritaar
908 1444 982 1502 daae
1006 1445 1090 1502 etiarn
1111 1444 1146 1500 tri
1168 1462 1211 1514 us,

112 1523 202 1581 bulon
222 1529 252 1581 et
271 1521 437 1602 Nepbtirali,
456 1523 587 1601 quamvis
607 1523 736 1582 lucorum
761 1525 817 1582 sito
842 1523 928 1603 lunge
947 1524 1099 1595 distarent,
1120 1523 1211 1599 magis

2 1611 12 1646 '-
63 1606 238 1669 eminuetae
257 1609 286 1661 ei
305 1603 414 1663 amicae
433 1609 527 1662 erauta
540 1601 675 1662 'habitum
695 1604 751 1662 illia
770 1604 858 1662 inisse
878 1604 956 1662 bunc
976 1602 1122 1666 bonorem.
1152 1601 1211 1662 Alii

2 1694 3 1697 ’
61 1699 120 1764 per
145 1679 348 1759 synecdochen
371 1701 422 1762 per
441 1689 567 1742 minutos
592 1690 624 1743 et
643 1685 821 1764 propinquos
841 1689 934 1742 toturn
955 1683 1095 1764 populum
1115 1682 1209 1740 notaui

4 1801 11 1808 -
61 1763 180 1820 volunt.
221 1761 279 1821 Sed
305 1763 371 1842 quia
397 1764 491 1844 potuit
520 1762 574 1821 alia
598 1779 662 1822 ease
686 1764 758 1822 ratio
783 1781 857 1841 quae
883 1759 964 1821 nobis
988 1763 1211 1842 est=incogniia,·

2 1858 5 1888 2
64 1843 158 1900 setina
180 1849 236 1900 eat·
251 1843 280 1900 iu
305 1843 400 1902 medio
419 1841 592 1922 relinquerer
614 1846 670 1902 etsi
696 1842 856 1921 probabiles
880 1843 1058 1902 coniecturas
1082 1861 1140 1900 non
1165 1859 1208 1900 rc·

2 1949 7 1968 =
63 1921 165 2002 podio.
207 1919 295 2000 Quod
315 1921 462 1980 Brniamiu
483 1922 565 1982 multi
592 1927 753 2003 pomulam
773 1923 868 1981 vocari
899 1927 1000 2002 putaui
1021 1928 1137 2001 propter
1156 1919 1208 1978 bo·

61 2002 178 2140 mitqqn:
199 2003 383 2140 pqucpqqtem,
404 2001 580 2140 quiadtrpbns
600 2002 657 2140 illud
669 2009 785 2081 propter
797 2001 894 2140 feel?
910 2001 1130 2139 'gibeooiiarum
1147 1999 1210 2137 liere
1281 2091 1287 2098 .

8 2125 14 2134 .
58 2099 103 2140 ex
149 2099 194 2140 ca
237 2101 272 2140 ee
322 2099 558 2140 anonmenr
623 2099 735 2142 arara:
777 2101 823 2140 ura
873 2099 919 2140 arr
979 2096 1126 2139 raenuos
1158 2101 1209 2137 au-

1 2192 13 2213 l·
59 2161 135 2220 dum
157 2159 213 2222 Dei
233 2175 387 2241 praecones
408 2179 564 2232 accersens,
582 2101 722 2240 glabrum
742 2101 812 2220 illud
837 2181 895 2220 non
921 2101 1113 2220 mcpmoraspsci.
1155 2159 1208 2218 Ce-

58 2249 163 2300 terum
187 2257 275 2320 quum
304 2238 466 2320 Prophetae
490 2239 526 2300 de
549 2237 662 2300 familiis
689 2242 837 2320 loquentes
861 2259 945 2320 saepe
970 2242 1005 2299 a‘d
1028 2237 1207 2300 Patriarcbas

1 2351 10 2377 ›-
57 2321 203 2393 aliudsut,
223 2337 282 2380 noa
301 2323 404 2380 urinam
424 2328 477 2393 est,
498 2323 628 2401 pbsteroe
646 2320 803 2392 Beniamin,
824 2321 975 2400 patrissui
996 2319 1217 2400 respectu,qai'
1258 2343 1261 2351 ’
1306 2337 1314 2353 ’

1 2450 3 2457 .
58 2402 202 2461 minimos
227 2407 289 2460 erat
312 2403 386 2460 inter
409 2398 485 2460 iiiios
507 2399 611 2474 iacob,
631 2396 728 2460 ¹uocari
752 2407 864 2480 gentem
889 2402 1051 2482 parvulam:
1077 2400 1208 2480 quamvis

61 2487 135 2539 ante
154 2487 300 2560 acceptam
323 2481 433 2540 cladem
451 2501 511 2540 non
531 2480 604 2540 adeo
622 2481 764 2562 populosa
784 2473 878 2540 inerit.
915 2479 973 2540 Vix
994 2481 1079 2540 etiarn
1100 2481 1208 2558 recipio

1 2597 10 2620 ..
58 2561 144 2641 quod
158 2577 268 2641 magno
286 2579 428 2621 musensn
447 2561 563 2620 tradunt
583 2561 762 2640 interpretes,
781 2565 996 2621 dontootorans
1015 2561 1112 2618 vocari
1132 2558 1204 2617 lien·

1 2677 3 2700 ;
57 2641 162 2710 iamir,
182 2643 248 2722 quia
268 2643 384 2720 primue'
397 2639 462 2700 Rex
481 2637 552 2700 Saul
572 2657 609 2698 aa
629 2641 705 2700 tn'bu
724 2639 773 2698 iila
793 2642 930 2699 oriundus
950 2645 1021 2710 crat,
1046 2641 1127 2698 cuius
1147 2656 1205 2697 me·

1 2748 3 2783 1
57 2722 186 2781 muriam
209 2722 248 2784 im
270 2719 373 2780 orione
398 2727 562 2780 renovasset
581 2718 690 2780 Dauid:
716 2735 808 2800 quum
831 2709 947 2782 ἅταὲιαν
966 2719 1043 2803 ἰΠίιιιΙ
1069 2718 1208 2798 temporis
1232 2723 1237 2742 ¹

57 2800 172 2880 ubique
195 2801 224 2860 in
299 2802 391 2860 ‘tora
413 2800 539 2860 damnari
564 2801 701 2859 sciamus:
720 2806 751 2859 ei
776 2800 931 2858 dominatio
955 2797 1061 2868 Saulis,
1087 2797 1206 2857 Doridis

1 2915 2 2940 ι
62 2881 207 2941 Minna
227 2883 316 2960 (quaa
342 2877 387 2940 bie
412 2879 537 2940 manime
561 2878 733 2957 celebratur)
757 2880 868 2959 sepulta
893 2877 985 2938 luerit.
1026 2877 1086 2938 Sed
1110 2880 1206 2958 potius

1 3021 2 3024 ,
57 2959 136 3020 mibi
155 2961 308 3020 verisimile
325 2967 376 3032 esi,
397 2967 529 3040 respectu
550 2960 698 3039 paucitatis
724 2959 820 3022 ornari
844 2957 954 3020 tribum
980 2957 1059 3018 iilam
1079 2957 1205 3016 domina·

56 3041 150 3100 tionis
169 3041 275 3118 dogio:
295 3041 354 3102 acsi
374 3040 489 3114 diceret,
508 3039 688 3109 Romanitas,
709 3040 840 3118 manvia
851 3057 944 3118 neque
960 3054 1064 3120 magno
1075 3055 1206 3110 numero,

57 3139 159 3203 neque
182 3121 308 3199 potentia
332 3119 519 3194 excellerent,
544 3126 632 3199 caput
656 3126 751 3179 tamea
777 3135 866 3178 unum
892 3117 1014 3190 allicere,
1039 3125 1067 3177 et
1088 3117 1144 3176 boc
1164 3117 1203 3174 ri·

59 3202 149 3261 deinr
167 3206 233 3280 apta
253 3199 407 3280 quadrare:
427 3201 480 3260 nisi
500 3201 546 3260 cui
565 3199 641 3258 forte
660 3200 751 3280 magis
762 3199 874 3280 placeat
893 3200 1058 3278 primarium
1079 3198 1203 3276 aliquem
1252 3241 1257 3256 .

60 3282 167 3340 ducena
185 3297 223 3339 ea
242 3280 319 3340 tribu
338 3281 385 3340 illa
405 3279 501 3353 inisse,
521 3286 555 3338 ut
574 3281 603 3340 iu
623 3278 734 3338 daubus
754 3279 869 3358 reliquis
893 3297 964 3358 quas
980 3283 1136 3344 cremarat:
1156 3275 1206 3335 vel

58 3361 139 3420 iuria
161 3367 254 3420 totum
280 3361 434 3440 populum,
457 3361 597 3440 insignem
622 3359 651 3418 in
672 3358 769 3438 aliquo
795 3357 906 3438 proelio
931 3375 1051 3418 navasse
1074 3375 1203 3438 operam.
1283 3415 1291 3445 s

59 3439 203 3519 Quamvis
228 3447 324 3500 autern
350 3437 508 3500 honorilice
532 3439 636 3519 elogio,
649 3440 718 3498 istuis
743 3436 833 3496 tribus
853 3443 945 3508 ornei,
969 3443 1086 3496 revocat
1106 3445 1203 3500 tamen

56 3521 150 3602 paolo
168 3527 233 3602 post
252 3519 289 3580 ad
309 3539 451 3580 summum
471 3525 571 3657 caput,
591 3535 723 3600 moneres
737 3515 864 3576 lcbudab
884 3517 1049 3598 colligendis
1069 3513 1204 3577 omnibus

58 3601 151 3682 copiis
176 3600 352 3681 praeiioicua.
397 3598 495 3659 Suban
518 3601 579 3657 iuni
603 3599 690 3678 aliqui
714 3597 863 3678 copulam,
893 3595 988 3657 Princi
1009 3615 1040 3656 ea
1065 3595 1201 3670 lebudab,

57 3689 89 3742 ei
108 3681 290 3778 conpr-opalia
310 3682 457 3776 ipsorum..
488 3679 547 3740 Alii
567 3685 690 3750 venunt,
710 3674 935 3778 luppidationem
1000 3677 1035 3737 ed
1055 3677 1130 3772 illusi¹
1146 3677 1201 3754 pri·

57 3765 555 3921 llbbmbrllbdamalulplrbllsrlallilllldll
575 3755 1202 3918 cffiqaggaqcurppqputpquniffpplquqppffi
1274 3812 1279 3822 ¹

56 3923 194 3983 asseritur
213 3919 299 3981 tribui
319 3919 455 3993 lebudab,
475 3935 563 3999 penes
582 3934 669 3998 φιιιιιι
689 3919 734 3977 ius
755 3917 875 3998 cogendi
895 3917 996 3999 popuii
1016 3917 1079 3975 luit.

58 4187 63 4196 .
147 4103 201 4170 29.
223 4045 385 4172 Mandavit
405 4101 496 4171 Deus
518 4111 593 4170 tuus
615 4101 713 4169 robur
733 4112 840 4168 tuum:
861 4099 976 4168 robora
998 4093 1090 4166 Deua
1112 4095 1201 4189 quod

57 4222 210 4302 operatus
232 4233 267 4278 es
288 4211 323 4278 in
336 4210 438 4278 uobis
483 4209 538 4278 30.
561 4207 589 4274 E
612 4206 733 4299 templo
755 4219 812 4276 tuo
834 4207 931 4298 supds
951 4203 1123 4272 ierusalem
1145 4204 1202 4272 ilbi

56 4319 190 4386 offerent
210 4313 315 4410 Reges
343 4341 470 4392 munus.
516 4317 572 4384 312
597 4313 697 4384 Perde
725 4325 853 4384 coetum
877 4311 1048 4396 amndinis,
1071 4327 1200 4402 mugra»
1238 4317 1242 4336 ⁸
