2818 4886
510 243 739 318 rnrsss'sr.
768 269 821 316 xo.
1198 275 1234 330 ῃ

170 405 202 464 2.
224 403 256 461 D
287 409 345 461 ecit
365 408 539 461 misericors.
562 397 776 476 Ooe'rimouinm
795 397 925 460 nonnulli
943 417 1005 459 esse
1024 405 1126 480 potant
1141 398 1178 460 do
1191 401 1233 460 lu·

96 482 124 542 di
143 500 181 542 na
202 500 236 542 ca
273 501 289 540 e
310 481 466 556 iustorum:
492 481 549 540 acsi
568 481 699 554 dixisset,
719 482 882 560 quicunqne
902 480 1071 560 aequitatem
1090 479 1235 560 iidemque

75 502 246 632 edebant,
267 557 427 620 crudeliter·
448 579 464 618 a
484 557 570 619 Saule
591 561 676 620 inisse
696 561 814 636 occisos.
844 553 907 639 Ego
926 577 995 618 vero
1015 559 1169 639 simplicius
1188 578 1233 618 ac·

92 642 186 780 plipio,
210 639 283 699 nihil
295 639 432 778 ὗωῑίῑὶιιε
457 638 731 778 bepelioentiaebaut
754 640 881 776 vmitatig
905 657 971 775 caspi
992 639 1136 777 residusrpntr
1160 640 1235 699 iuter

116 739 268 790 ommes,
329 737 436 778 uana·
460 737 555 778 auem
589 739 707 793 vocius
740 737 866 779 excessi
912 737 988 776 une
1021 737 1119 786 cone
1165 731 1268 779 vera‘

89 801 209 860 iustitia.
230 795 484 877 Quemadmodum
503 799 579 858 enirn
599 799 672 858 duae
691 805 757 858 suut
775 739 1031 876 ibiustiaespccies,
1050 798 1234 872 violentiaei

88 879 187 939 frana:
212 881 253 938 ita
280 880 355 936 inste
375 877 490 952 vivitur,
510 898 601 958 quum
621 877 695 938 bona
714 877 772 937 lide
790 883 941 936 versantur
960 877 1035 935 inter
1054 895 1085 936 se
1104 876 1234 937 homines

89 957 202 1038 absque
221 958 336 1032 iniuria,
356 961 386 1016 et
404 963 533 1016 mutuam
551 959 624 1016 inter
643 975 674 1016 se
694 958 857 1018 societatem
876 955 928 1014 rite
948 955 1056 1030 fovent,
1077 976 1166 1036 quum
1186 975 1233 1016 ne-
1286 963 1293 980 ⁸

87 1057 146 1119 quc
165 1038 267 1096 leones
287 1041 370 1107 snut,
392 1055 484 1116 neque
503 1036 554 1094 vul
575 1055 613 1096 es.
634 1033 721 1114 Quod
747 1037 770 1094 si
794 1043 889 1094 tamen
910 1053 983 1114 quae
1002 1035 1049 1094 hic
1069 1035 1234 1096 describitur

88 1115 300 1198 coniueiouoa
319 1123 439 1196 premat,
457 1057 616 1174 cavendum
635 1122 679 1174 est
698 1115 893 1176 ne‘ululemus
913 1133 979 1174 com
996 1113 1080 1195 lupis,
1100 1115 1146 1176 vol
1157 1125 1234 1175 oom-

89 1197 186 1257 munis
206 1196 350 1256 scelerum
369 1194 482 1255 licentia
502 1214 554 1256 nos
574 1194 707 1276 abripiat:
728 1195 778 1255 sed
797 1196 892 1276 potius
912 1191 948 1254 ad
967 1195 1131 1275 exemplum
1145 1194 1234 1256 Davi·

92 1277 134 1337 dis
152 1293 210 1336 nos
230 1274 397 1338 reseramus.
611 1290 614 1302 ⁴
1187 1292 1191 1298 ·

172 1359 202 1416 3.
224 1355 393 1414 Fullonium
413 1357 551 1438 loquitar.
592 1353 708 1415 Partem
727 1354 805 1415 illam
826 1355 979 1416 iniustitiae
1001 1353 1059 1416 boo
1077 1370 1163 1414 versu
1181 1373 1234 1414 no·

96 1441 138 1494 tat
159 1453 236 1514 quae
261 1435 374 1494 veritati
398 1437 538 1494 contraria
562 1441 615 1494 est.
654 1433 734 1494 Dicit
757 1437 786 1495 in
807 1453 907 1496 eorum
927 1453 1058 1496 sermone
1078 1433 1148 1494 nihil
1168 1451 1232 1494 eoae

98 1517 237 1574 siucermn
257 1513 304 1572 vel
324 1514 459 1594 simplex,
489 1517 555 1593 quia
575 1515 610 1574 ad
634 1514 788 1574 saliendum
812 1516 912 1590 intenti
937 1517 1005 1576 sinti
1040 1513 1161 1574 Modum
1180 1531 1232 1594 po·

98 1601 155 1654 sien
173 1592 292 1664 delinit,
316 1593 383 1671 quia
408 1593 514 1652 scilicet
538 1593 679 1654 blanditiis
704 1596 824 1674 quisque
843 1595 954 1654 socium
972 1595 1117 1674 illaqueet.
1157 1592 1232 1652 Fon·

96 1673 154 1732 tem
195 1691 291 1751 noque
310 1679 340 1730 et
359 1673 480 1751 primam
507 1692 622 1735 causam
642 1673 777 1752 designat,
797 1674 865 1752 quia
884 1673 970 1733 corde
989 1673 1095 1753 duplici
1114 1673 1233 1752 loquan-

95 1759 153 1811 tur.
173 1693 252 1810 boec
271 1770 341 1810 vero
362 1753 455 1810 cordis
488 1758 520 1810 ot
539 1753 579 1811 ita
598 1753 714 1832 loquar)
740 1753 889 1832 duplicitas
915 1751 1052 1832 bilingues
1075 1756 1105 1810 et
1123 1751 1233 1811 ilexilo·

99 1850 174 1910 quos
198 1831 325 1890 bomiocs
356 1831 456 1890 reddit.
498 1830 579 1889 Unde
606 1839 637 1891 et
666 1831 815 1919 blanditias
844 1830 965 1890 Hebraei
996 1801 1123 1930 ΠἹΡΙἻΠ
1148 1849 1167 1890 a
1191 1829 1233 1888 di·

100 1912 212 1985 visione
230 1912 381 1970 nominant
408 1909 481 1970 Nam
492 1917 524 1969 ut
533 1912 673 1991 integrum
684 1929 735 1970 cor
744 1911 864 1990 ingenue
874 1910 1039 1990 expandunt

98 1992 227 2070 positum
246 1997 285 2049 est
304 1990 443 2050 veraciter
462 2007 547 2070 agere
564 2009 630 2050 cnm
649 1990 801 2071 proximis:
819 1992 859 2049 ita
869 1988 971 2070 perfidi
990 1997 1020 2049 et
1039 1932 1154 2050 liilaoos
1169 2005 1233 2068 pn·-

97 2077 158 2128 tem
184 2069 300 2134 affectus
324 2071 370 2129 sui
393 2071 568 2130 reconditam
587 2076 700 2142 teuent,
720 2075 749 2128 et
768 2070 954 2129 simulationis
973 2069 1041 2129 inco
1060 2075 1178 2150 tegunt,
1200 2073 1234 2128 nt

96 2148 169 2207 nibil
187 2150 257 2208 certi
276 2156 362 2228 queat
381 2168 419 2209 ex
438 2169 538 2210 eornm
558 2167 688 2210 sermone
707 2149 809 2230 coligi.
840 2148 884 2210 Sit
908 2168 977 2230 ergo
997 2150 1119 2230 simplex
1138 2165 1233 2232 sermo

96 2235 204 2302 noster,
224 2235 257 2288 ut
276 2229 424 2290 character
442 2230 479 2289 sit
497 2230 567 2290 recu
585 2231 681 2290 animi.

1075 1910 1157 1970 uibus
1167 1927 1233 1990 pro·

184 2397 216 2468 4.
250 2400 389 2470 Excidat
417 2400 532 2470 lebova
566 2401 675 2471 omnia
708 2403 787 2470 lobia
820 2403 1053 2486 blanditiarum,
1093 2403 1233 2495 linguam

92 2507 342 2600 magnificentias
370 2507 563 2598 loquentem.
613 2509 644 2577 5.
674 2511 737 2596 Qui
765 2509 925 2594 dixerunt,
957 2508 1088 2601 Linguis
1116 2508 1233 2594 nostris

90 2615 330 2682 roborabimur:
357 2613 437 2682 labia
463 2625 569 2686 nostra
590 2639 690 2708 penes
711 2641 771 2686 nos
794 2625 882 2685 sunt:
904 2617 975 2708 quis
996 2626 1104 2692 noster
1125 2614 1233 2683 Domi·

88 2744 156 2788 nus
179 2721 250 2788 esti

177 2863 325 2946 Querelae
345 2869 576 2950 imprecationem
606 2871 743 2946 annectit,
772 2879 805 2931 nt
829 2869 910 2931 Deos
938 2867 1082 2930 abscindat
1111 2865 1233 2948 perfidas

88 2947 217 3026 linguas.
244 2945 416 3028 Quanquam
440 2966 509 3010 vero
535 2949 652 3010 nutrium
676 2959 719 3010 est
739 2955 854 3031 optetne
874 2951 980 3010 destrui
999 2947 1123 3029 perfidos
1143 2947 1232 3006 homi·

89 3044 163 3102 nes,
188 3045 227 3088 an
251 3029 356 3108 privari
379 3035 491 3092 tantum
512 3030 632 3092 nocendi
651 3031 798 3090 facultate:
818 3035 967 3090 contextus
986 3025 1139 3112 tumenlad
1157 3025 1249 3106 prio.

88 3126 155 3166 rem
183 3125 299 3168 sensum
325 3110 414 3190 magis
438 3129 491 3170 nos
510 3110 639 3182 deducit,
659 3117 690 3169 ut
711 3108 789 3170 Dens
810 3129 927 3190 quoquo
946 3107 1034 3166 modo
1053 3103 1164 3166 aboleat
1184 3123 1233 3184 pe-

90 3193 172 3246 stem
190 3185 278 3246 illam.
319 3185 407 3264 Quod
426 3193 523 3250 autem
543 3192 692 3270 praeterito
711 3189 817 3249 malitia
837 3195 896 3248 tarn
915 3188 1047 3248 ardenter
1071 3187 1100 3244 in
1121 3185 1233 3264 linguas

89 3265 256 3326 virulentas
275 3267 429 3336 invehitur,
453 3269 521 3328 lrinc
545 3270 703 3350 colligimus
724 3273 831 3348 quanto
851 3289 888 3328 cx
907 3268 951 3327 bis
971 3267 1036 3348 plus
1056 3283 1149 3326 noxae
1168 3283 1231 3324 een·
1259 3253 1264 3278 ¹
1292 3267 1296 3272 '

90 3347 173 3406 serit:
199 3352 229 3404 et
253 3353 329 3406 certe
354 3347 450 3427 gladiis
475 3367 508 3409 ac
533 3349 595 3408 telis
620 3349 750 3408 omnibus
774 3349 863 3428 magis
884 3347 1011 3407 exitiales
1031 3353 1099 3405 sunt
1117 3343 1232 3404 fraudes

90 3431 120 3484 et
142 3424 312 3484 calumniae.
355 3429 490 3488 Ceterum
509 3447 545 3487 ex
565 3429 689 3488 secundo
703 3429 832 3488 membro
847 3429 949 3487 olarios
964 3425 1150 3508 patetqualcs
1168 3425 1234 3483 illac

90 3504 203 3564 inerint
223 3506 397 3566 adulationes
418 3528 538 3586 quarum
579 3509 690 3568 roximo
710 3527 794 3568 versu
817 3509 892 3568 facta
921 3507 976 3566 tuit
1005 3507 1120 3565 mentio.
1161 3502 1233 3582 Qui·

91 3584 163 3646 dom
183 3585 257 3644 euim
278 3587 418 3646 serviliter
437 3595 466 3647 et
485 3588 545 3668 puli
567 3607 582 3647 e
602 3589 760 3662 adulantur,
781 3595 814 3647 ut
832 3587 923 3668 parati
943 3588 999 3645 sint
1018 3585 1130 3665 quidvis
1139 3583 1234 3644 iacere

93 3670 122 3722 ct
143 3664 219 3744 pati:
239 3665 289 3726 sed
309 3665 357 3726 bic
377 3667 520 3726 diversum
539 3687 627 3748 genos
646 3667 743 3726 David
762 3674 851 3741 notat,
871 3685 973 3746 nempe
994 3667 1043 3744 qui
1062 3663 1231 3724 blandiendo
1285 3720 1288 3728 ,

93 3761 124 3802 se
157 3751 253 3804 tamen
284 3746 433 3826 magnifice
462 3749 580 3820 iactant,
610 3753 638 3807 et
670 3747 846 3826 captionibus
861 3747 1021 3806 ¹audaciam
1050 3747 1231 3824 permiscent.

93 3819 164 3882 Non
184 3842 253 3905 crgo
272 3825 309 3884 de
328 3825 443 3886 sordido
463 3834 494 3886 et
512 3827 622 3906 plebeio
642 3827 821 3886 adulatorum
841 3845 926 3908 grege
945 3825 1084 3904 loquitor,
1114 3824 1163 3882 sed
1183 3841 1231 3882 an·
1324 3897 1332 3910 ³

94 3903 168 3964 licos
188 3906 408 3966 calumniatores
427 3907 601 3986 perstringit,
622 3910 672 3986 qui
690 3927 748 3968 non
769 3907 855 3966 modo
879 3908 1002 3965 anantes·
1025 3924 1056 3962 se
1080 3905 1231 3974 insinuant,

93 3983 146 4041 scd
167 3984 353 4064 grandiloqua
371 3987 525 4046 mentiendi
543 3987 658 4046 libidine
678 3985 802 4046 obruunt
826 3988 944 4046 miseros
965 3983 1101 4044 homines.
1143 3980 1232 4059 Quod

94 4069 124 4120 et
147 4066 281 4142 sequenti
306 4085 390 4126 versu
404 4065 511 4141 ,metius
531 4065 695 4138 confirmat,
714 4086 780 4126 uam
800 4085 910 4127 summa
935 4065 1103 4143 auctoritate
1122 4061 1231 4143 praedi-

94 4148 141 4202 tos
165 4163 228 4202 csse
252 4151 380 4225 oportet,
405 4147 456 4226 qui
479 4147 510 4205 in
533 4147 686 4205 mendaciis
705 4147 757 4206 sibi
776 4149 843 4206 satis
862 4165 930 4206 esse
943 4133 1074 4226 praesidii
1093 4147 1230 4202 statuunt.

96 4222 195 4300 Atque
218 4222 266 4283 bic
289 4231 333 4284 est
358 4245 487 4286 summus
513 4227 664 4306 impietatis
690 4227 837 4298 cumulos,
862 4245 928 4285 cram
947 4225 997 4284 tali
1016 4223 1120 4284 fiducia
1139 4223 1230 4282 insur-
1304 4276 1307 4287 ,

97 4321 177 4442 ffim,
202 4309 235 4362 ut
257 4303 387 4384 improba
407 4305 560 4366 verborum
579 4307 709 4365 iaetantia
728 4307 773 4366 ius
792 4313 821 4366 et
840 4307 882 4364 las
902 4323 986 4366 omne
1006 4308 1165 4384 pervertere
1189 4304 1231 4361 ni·
1331 4305 1338 4312 '

155 4383 272 4463 pudeat,
291 4385 408 4466 perinde
427 4386 504 4446 subn
522 4386 631 4448 indunt
651 4387 708 4446 acsi
728 4390 825 4468 aperte
845 4385 909 4447 Dco
929 4386 983 4466 ipsi
1003 4382 1141 4466 proelium
1160 4381 1231 4445 iodi-
1284 4463 1289 4476 ,
1374 4439 1378 4446 ,
