2804 4890
189 305 280 368 244·
508 295 510 303 '
624 303 911 348 incatenatus

192 437 375 528 praeceptum
394 429 457 503 init,
477 429 637 512 promiscue
656 427 692 489 ad
712 431 765 490 noi
784 425 945 489 trahamus:
965 425 1100 487 necve'ro
1120 425 1194 486 mibi
1216 425 1336 488 dubium

193 521 238 573 est
257 533 326 593 quan
346 509 477 590 cymbala
498 510 619 592 pulsare,
639 527 740 569 canere
759 509 796 568 ad
816 507 956 567 citharam
975 513 1004 566 et
1024 505 1158 580 nablum,
1182 513 1338 587 totumque

81 591 95 606 “
178 593 263 660 ‚illud
288 591 412 651 musicae
435 609 539 686 genus,
568 591 655 684 cuius·
673 589 780 649 mentio
804 587 970 668 bequeuler'
990 587 1021 681 ip
1045 585 1169 682 Psalmis
1196 596 1338 660 recurret,

157 665 1339 828 1tuitilittttttttttubttutttttttttttltuiti:

196 831 298 895 debere
318 847 380 888 ease
400 829 587 908 propositum,
606 847 643 888 ne
663 846 680 886 a
700 825 756 886 Dei
776 825 907 886 laudibus
926 841 1009 884 suam
1028 821 1166 884 laetitiam
1185 833 1338 906 separent:

196 907 245 970 sed
266 909 334 968 dum
354 927 449 968 moros
468 927 536 967 suos
556 914 711 967 conventus
732 913 884 986 peragunt,
908 903 996 963 nihilo
1021 905 1112 984 magia
1131 904 1169 963 ad
1191 907 1338 966 canadas

19 993 24 1012 ¹
133 992 135 998 ’
196 987 253 1048 Dei
273 987 370 1047 laudes
390 1005 546 1067 congruere
565 986 688 1046 arbitror
708 987 815 1045 musica
834 987 1033 1060 instrumento,
1052 984 1180 1064 quamsi
1196 986 1337 1065 quissul-

196 1067 273 1141 fitus,
292 1067 431 1140 lucernas,
451 1073 480 1126 et
500 1067 605 1126 similes
625 1064 665 1124 Le
684 1067 707 1124 is
727 1063 843 1125 umbras
863 1065 893 1122 in
913 1083 996 1122 usum
1017 1071 1141 1122 revocet.
1168 1062 1269 1122 Stulte
1290 1068 1337 1123 ito

196 1168 253 1228 que
272 1147 343 1219 boc,
368 1154 402 1206 ut
420 1147 474 1206 alio
494 1146 599 1220 multa,
619 1164 636 1204 a
656 1087 766 1205 dunois
789 1145 909 1204 mutuati
929 1149 994 1203 suut
1013 1141 1156 1224 Papistae.
1198 1142 1338 1203 Hominis

197 1229 321 1287 externis
362 1227 453 1306 ompis
474 1223 584 1284 deditos
604 1223 728 1284 oblectat
747 1221 795 1283 ille
815 1225 962 1303 strepitus:
984 1223 1033 1281 sed
1045 1221 1111 1281 Deo
1130 1225 1224 1282 maris
1244 1225 1337 1304 ptarrt

197 1325 288 1446 ιιι
303 1247 952 1446 eb1l⁶nt¹¹ot¹tu⁰uettttt
969 1267 1248 1442 setteis
1265 1303 1336 1442 te·

197 1429 252 1524 nisi
272 1426 503 1544 libguacoguita·
519 1465 665 1544 permittit.
687 1405 773 1522 berte
787 1483 847 1522 vox
867 1463 997 1538 hominis,
1018 1463 1152 1542 quamvis
1173 1482 1234 1520 uon
1250 1465 1336 1540 vulgo

43 1555 46 1566 ‘
161 1597 166 1602 .
197 1543 377 1623 intelligatur,
398 1545 516 1604 mortuis
537 1541 668 1602 omnibus
688 1543 800 1622 organis
842 1549 954 1601 raestat.
991 1537 1069 1618 Quid
1090 1559 1160 1620 crgo
1180 1541 1218 1600 de
1236 1541 1335 1600 cautil-

197 1625 303 1684 latione
323 1623 482 1697 dicendum,
502 1643 575 1703 quae
595 1629 707 1682 tantum
728 1623 804 1682 inani
821 1563 919 1681 bonito
938 1639 1022 1680 aures
1042 1619 1194 1679 verberat?
1215 1620 1335 1700 Siquis

199 1703 326 1774 obiiciat,
355 1704 493 1761 musicam
513 1703 548 1761 ad
568 1702 733 1770 excitandos
752 1700 901 1761 homiuum
920 1702 1029 1760 animos
1049 1699 1204 1780 plurimum
1222 1702 1333 1759 valere:

198 1784 289 1842 fateor
314 1781 344 1840 id
369 1783 500 1862 quidem,
530 1781 578 1842 sed
599 1781 754 1842 timendum
774 1799 886 1861 semper
904 1787 948 1840 est
966 1797 1003 1840 uc
1023 1795 1082 1858 qua
1101 1779 1260 1860 corruptels
1279 1779 1329 1838 ob-

199 1868 294 2000 itit
346 1865 450 1999 ”tit
471 1859 1335 2019 ttulit&'tt‘ttat‘slttt‘ttttt‘ttt

153 1989 155 1999 ¹
179 2011 182 2019 ’
200 1961 266 2078 uerit
282 1981 337 2156 per
357 2037 389 2078 os
404 1960 497 2090 Padi,
514 2018 588 2077 ultra
609 2037 696 2098 quam
715 2017 773 2078 illic
789 2013 929 2076 'docemur
947 2015 1089 2096 progredi,
1108 2033 1169 2074 non
1187 2015 1278 2074 ιιιοᾱο
1293 2005 1335 2074 in·

201 2097 279 2157 cousi
301 2103 410 2156 eratum
430 2097 533 2169 zelum,
557 2096 607 2156 sed
626 2098 743 2176 impiam
762 2098 949 2176 pervicaciam
968 2114 1030 2154 esse
1049 2094 1123 2154 dico.

279 2179 306 2238 3.
330 2179 454 2236 Gautute
472 2183 499 2254 ei
517 2183 666 2236 coniicerm
684 2198 801 2236 nocuos.
827 2173 927 2252 Quum
946 2173 982 2234 de
1000 2173 1158 2255 magnificis
1167 2172 1227 2232 Det
1247 2175 1334 2256 operi·
1387 2223 1388 2232 ,

179 2255 269 2325 bus,
294 2272 329 2313 ac
348 2255 383 2314 de
402 2251 545 2314 Ecclesiae
566 2256 731 2333 praesertim
755 2256 970 2314 conservatione
997 2261 1095 2333 postea
1119 2253 1255 2327 disserat,
1280 2275 1336 2312 non

201 2335 306 2394 mirum
316 2339 368 2400 ‚est
387 2332 422 2392 de
441 2352 518 2392 novo
539 2336 663 2406 cantico,
692 2332 749 2392 boo
761 2339 818 2394 vest
842 2352 907 2394 raro
933 2340 963 2394 ct
982 2335 1138 2412 exquisito,
1158 2348 1239 2396 ,οιιιιι
1259 2353 1336 2414 pras·

202 2409 483 2554 ttttittt
503 2413 635 2551 titt:
654 2413 863 2552 ,affingepp
878 2410 1225 2552 ⁹⁸⁹‘i⁶⁰i*sii⁶¹⁰⁸⁰⁰³
1240 2433 1336 2553 iii*²²

85 2563 92 2585 ¹
201 2591 260 2630 uon
286 2555 404 2650 aedgaro
428 2512 583 2643 eadiicum,
612 2511 963 2652 quddeibbaasblbldldidede
992 2511 1336 2652 nniiteriadrgroesdiunisii¹

181 2701 183 2708 ι
201 2647 309 2713 Eodem
336 2651 463 2728 pertinet
481 2651 637 2710 secundom
662 2651 838 2725 membrum,
867 2658 899 2712 ut
925 2660 1040 2712 strenue
1058 2650 1208 2731 psallendo
1229 2654 1335 2718 toenn-

202 2729 278 2788 baut.
303 2727 353 2788 Sic
367 2731 441 2791 euim
457 2729 575 2790 verbum
595 2735 709 2799 fflidb'i
729 2733 910 2812 interpretor,
925 2731 1004 2811 qnod
1018 2739 1114 2792 tamen
1127 2731 1175 2792 alii
1189 2731 1227 2791 ad
1237 2731 1337 2794 modos

202 2810 340 2868 concinna
359 2809 498 2887 aptandos
516 2809 620 2870 reterre
640 2811 772 2874 malunt..
829 2860 833 2872 .

218 2892 219 2900 ’
280 2892 309 2956 2.
330 2894 411 2963 Quia
429 2898 541 2950 ramum
559 2891 674 2950 uerbosa
693 2893 819 2953 lateam·
833 2890 1001 2952 &nontam
1020 2890 1066 2968 (ut
1080 2909 1172 2971 nuper
1187 2889 1263 2967 dtu)
1282 2889 1336 2952 oet

201 2967 412 3048 providentiam
432 2987 490 3048 qua
510 2971 617 3050 regitur
636 2975 715 3030 totus
733 2971 874 3046 mundos.
891 2971 971 3030 initio
991 2971 1135 3052 proponit,
1155 2987 1189 3030 ac
1210 2973 1289 3042 dicit,
1307 2973 1337 3030 in

202 3053 263 3108 toto
284 3063 403 3127 operum
423 3062 540 3110 sucrum
559 3067 645 3108 cursu
666 3047 760 3110 Duum
778 3038 822 3112 'sic
844 3051 994 3131 imperium
1019 3069 1104 3110 suurn
1128 3067 1282 3120 exercere,
1306 3057 1337 3110 ut

203 3125 343 3206 refulgeat
363 3126 467 3205 ubique
486 3147 596 3190 summa
616 3131 744 3209 aequitas
763 3137 792 3190 at
811 3129 891 3190 fides.
920 3127 1048 3190 Verbum
1071 3136 1101 3189 et
1125 3129 1337 3209 opsequium

97 3222 99 3230 ’
205 3205 306 3264 volunt
324 3225 386 3266 esse
406 3224 580 3284 synonyma:
602 3209 656 3272 aad
672 3227 732 3288 ego
749 3209 788 3270 ita
809 3211 958 3288 distinguo,
977 3217 1010 3270 ut
1029 3203 1152 3268 verbena
1168 3210 1337 3269 tantundem

204 3285 299 3342 valeat
317 3301 351 3342 ac
370 3285 519 3344 consitium
538 3281 604 3360 Dei,
630 3287 676 3348 vel
696 3289 876 3351 mandatum:
900 3307 973 3368 opas
993 3307 1062 3348 vero
1080 3289 1118 3351 sit
1137 3289 1199 3348 sins
1220 3289 1337 3349 effectus

204 3368 233 3422 et
253 3363 430 3441 exaequatio.
452 3361 555 3424 Fateor
566 3367 700 3444 geminari
719 3367 839 3430 eaodem
856 3367 1026 3430 seutentiam
1046 3367 1164 3426 diversis
1183 3366 1291 3442 verbis,
1310 3375 1340 3426 ut

202 3439 268 3500 alibi
289 3443 405 3520 passim:
431 3443 482 3502 sed
505 3463 570 3504 rara
591 3465 649 3504 uon
662 3449 761 3507 estio
777 3445 991 3528 repetitionibus
1010 3447 1122 3506 modica
1141 3447 1284 3521 causato,
1308 3456 1338 3506 ut

202 3519 276 3578 idem
296 3523 374 3580 varie
394 3527 424 3580 et
443 3521 569 3601 pluribus
589 3525 681 3584 modis
705 3525 823 3586 dicatur.
864 3525 984 3587 somma
1008 3531 1052 3592 ost
1075 3527 1214 3606 quioquid
1240 3529 1338 3587 statuit

201 3597 282 3658 Deus
302 3615 336 3658 ac
355 3601 479 3675 mandat,
499 3609 609 3662 rectum
628 3611 685 3666 est:
731 3604 853 3684 uicquid.
865 3624 952 3685 opere
970 3607 1035 3685 ipso
1054 3603 1176 3686 perficit,
1195 3605 1293 3680 fidele,
1310 3613 1339 3666 et

187 3696 301 3736 ,veras
342 3677 451 3740 Interea
471 3681 627 3742 notandum
647 3690 699 3758 est,
746 3683 846 3748 erbum
865 3697 925 3746 uon
944 3685 1035 3765 accipi
1054 3703 1108 3764 pro
1128 3684 1270 3762 (Ιοιιῑιὶιια,
1292 3686 1340 3746 aed

201 3757 375 3836 promendi
395 3759 570 3838 gubernandi
589 3763 707 3824 ratione.
733 3768 735 3777 '
756 3830 758 3839 ¹
970 3803 975 3814 -

223 3879 227 3890 ·
292 3857 323 3924 5.
357 3857 466 3951 Diligit
493 3863 641 3930 iustitiam
670 3873 703 3932 et
728 3863 895 3960 iudiciumt
923 3865 1062 3936 bonitate
1084 3866 1221 3936 lebovoe
1248 3867 1341 3960 plena

203 3971 253 4028 est
274 3971 366 4030 terra.
402 3964 432 4032 6.
457 3965 560 4036 Verbo
576 3968 714 4036 lebovoe
736 3970 815 4036 coeli
839 3971 952 4040 firmati
974 3983 1059 4054 sunt,
1080 3983 1113 4040 et
1135 3971 1256 4064 Spiritu
1280 3975 1342 4041 oris

204 4066 272 4134 eius
295 4071 399 4138 omneis
422 4074 578 4140 exereitus
599 4095 721 4142 eorum.
767 4075 797 4142 7.
831 4075 1040 4170 Congregavit
1056 4063 1147 4148 ¹sicut
1178 4080 1342 4146 cumulum
1387 4099 1388 4170 ᾗ

204 4193 302 4260 aquas
325 4177 428 4259 maria,
451 4179 559 4268 posuit
579 4177 612 4268 in
635 4178 789 4248 thesauris
811 4182 953 4273 abyssos.
994 4185 1035 4250 8(
1048 4179 1340 4274 Timeat²elebovn
1387 4175 1388 4266 J

204 4277 307 4344 omnis
330 4279 425 4366 terra,
452 4281 491 4349 ab
519 4283 589 4376 ipso
619 4297 755 4376 paveant
777 4310 890 4364 omues
912 4289 1034 4358 incolae
1055 4265 1149 4378 orbis.
1182 4290 1231 4362 ’9.
1265 4291 1340 4376 Quia

201 4379 273 4472 ipse
296 4381 385 4467 dixit,
406 4396 439 4454 et
460 4385 534 4460 rute
561 4388 630 4501 ipse
652 4393 821 4478 mandavit,
842 4405 875 4462 et
895 4395 991 4464 stetit
1059 4433 1063 4440 ·
