2804 4890
431 283 674 324 *iurarem
701 283 813 333 unu.
1134 281 1208 347 245¹

135 409 162 470 5.
182 407 292 488 muge
313 411 458 466 eruum
472 373 503 467 'er
522 408 673 468 aureum.
694 405 882 470 Quemne
901 375 946 470 ¹aar
960 411 1107 491 proximae
1126 433 1186 474 sen.
1268 454 1269 458 a

67 487 167 576 teatino,
182 483 342 580 uuialleus
362 485 468 546 scilicet
486 493 587 546 nature
606 487 741 547 iustitiam
761 494 791 583 et
810 489 980 568 aequitatem
1000 498 1084 552 amet.
1099 491 1188 589 ‘Unde

64 572 194 783 Σῗὲῗῖἱι
206 563 1186 732 {titt„titii”litttttttttilttttttttulit

63 733 89 786 et
120 723 236 784 rivolum
261 741 324 783 case
342 721 399 782 Dei
424 723 563 804 elogium,
592 727 658 806 quia
684 725 810 786 latentur
832 745 931 788 omues
951 725 1047 788 Deum
1072 731 1102 790 in
1127 733 1185 792 auis

58 803 183 885 ‚operibus
205 803 343 882 optimum
367 805 517 882 aequitatis
543 804 670 884 regulam
695 811 799 866 terrere¹
840 803 987 882 Quorsum
1008 825 1078 889 ergo
1098 809 1185 887 (dicet

63 881 203 1022 ppiapiam)
223 884 292 941 nori
311 881 423 958 cantici,
442 885 523 962 quusi
543 885 572 944 iu
592 903 624 942 rc
643 885 785 958 inusitata,
806 903 899 965 nuper
913 885 986 944 lucia
1002 893 1046 946 est
1061 891 1186 950 mentio?
1277 892 1280 898 '

96 962 112 1021 d
138 961 227 1057 primo
258 961 322 1042 plus
351 963 420 1022 satia
449 969 560 1023 constat
590 981 676 1100 pram
707 965 829 1044 turpiter
844 965 992 1024 ‘caecutiat
1015 963 1091 1026 bona
1118 987 1184 1048 pars

63 1042 148 1102 nunrb
166 1039 201 1100 ad
220 1038 278 1100 Dei
297 1042 449 1115 iustitiam,
469 1043 538 1102 dum
558 1061 593 1101 re
625 1043 775 1122 neglectim
795 1045 929 1124 praeterit
948 1045 1096 1105 innumera
1117 1066 1183 1127 pro-

61 1121 186 1180 videntiae
214 1123 276 1180 eiua
305 1120 490 1194 documenta,
520 1121 676 1182 ueletiam
703 1122 822 1182 lortnito
847 1123 975 1182 recidere
1004 1124 1182 1202 imaginatur.

63 1199 166 1260 Accedit
184 1203 281 1260 autem
301 1199 425 1262 deterius
445 1201 556 1278 vitium,
577 1201 654 1280 quod
674 1203 728 1262 niri
744 1200 823 1262 Deus
839 1201 914 1262 rotis
929 1203 1033 1262 nustria
1053 1205 1183 1286 obsequi·

63 1287 109 1355 tur,
125 1279 216 1340 surim
237 1279 428 1362 obatoepimus
448 1281 509 1340 cius
528 1283 665 1340 iustitiae:
691 1281 731 1340 ita
756 1289 910 1362 postquem
935 1281 991 1342 hoc
1010 1284 1181 1366 principium

62 1361 87 1418 in
103 1378 146 1418 ore
163 1359 292 1418 omnium
312 1379 365 1440 pro
385 1359 516 1421 eoolcaao
532 1361 670 1434 volitavit,
690 1358 787 1422 Deum
806 1363 880 1420 iuste
900 1363 998 1422 burnio
1017 1381 1110 1444 agere,
1130 1366 1181 1424 vix

63 1437 211 1498 mntcsimua
231 1439 354 1518 quiaque
373 1433 464 1498 lixum
484 1440 514 1500 iu
533 1441 629 1500 auimo
649 1449 704 1501 s'uo
723 1442 834 1516 retinet,
854 1441 962 1521 alioqui
981 1442 1101 1502 rimulae
1116 1461 1180 1524 pru-

63 1517 104 1576 diit
118 1516 183 1576 baec
201 1517 332 1578 doctrina
352 1519 380 1578 in
401 1519 540 1592 medium,
564 1517 629 1580 Deo
655 1520 695 1580 ita
714 1521 840 1616 placere,
865 1522 986 1600 quisque
1006 1541 1037 1580 se
1056 1524 1117 1581 eina
1137 1541 1180 1584 ar·
1208 1513 1213 1529 ¹
1269 1563 1273 1580 .

66 1595 133 1655 bitrio
151 1595 318 1656 obedienter
331 1598 489 1659 subiiceret.
530 1598 614 1659 Nunc
638 1597 687 1658 ubi
712 1621 742 1659 m
767 1599 850 1658 rebus
875 1600 1005 1660 adversis·
1026 1604 1180 1681 aegerrime

65 1681 184 1754 reguntur
207 1674 341 1737 homines
365 1679 395 1737 in
420 1677 565 1753 ordinem,
590 1685 624 1740 ut
641 1676 739 1738 Deum
763 1687 918 1758 agnuscant
939 1699 973 1738 ae
992 1679 1188 1759 profiteantur'

65 1757 150 1816 iustum
167 1773 240 1830 esse,
268 1757 298 1816 in
324 1758 467 1838 prosperis
487 1777 557 1818 vero
582 1757 715 1819 diffluunt
734 1765 763 1818 ei
782 1766 971 1818 evanescente
996 1779 1053 1818 non
1074 1762 1178 1820 mirum

64 1841 100 1891 eet
115 1837 135 1892 si
151 1834 272 1895 affirmet
293 1834 449 1917 Propheta,
475 1836 541 1897 Deo
561 1837 697 1916 iustitiam
717 1855 780 1898 esee
805 1838 899 1910 cordi,
925 1845 957 1896 ut
983 1847 1092 1897 rectum
1119 1861 1178 1899 mo·

66 1912 196 1974 deraterem
215 1933 283 1975 ease
301 1917 479 1998 persuadeat.
519 1917 620 1996 ltaque
645 1920 774 1998 quisquis
794 1916 868 1976 benc
888 1917 1045 1976 doctrinam
1066 1920 1178 2000 penitus

57 1989 193 2067 imbiberit,
218 1995 293 2055 reiut
312 2015 343 2056 se
362 1995 486 2056 multum
505 1995 669 2078 proiecisse.
709 1995 766 2056 Alit
786 2004 948 2078 exponunt,
968 1994 1062 2056 Deum
1083 2017 1201 2060 amarer

67 2071 90 2129 in
107 2071 247 2134 bominibus
273 2077 484 2135 rectitudinem:
506 2077 585 2158 quod
604 2095 705 2135 rerum
724 2075 839 2172 quidem
859 2081 912 2150 est,
931 2075 981 2136 sed
1000 2093 1016 2136 a
1037 2085 1177 2138 contextu

65 2159 193 2212 unotunrr
216 2155 289 2234 quia
314 2155 360 2214 bic
379 2153 503 2236 Spiritus
529 2156 618 2216 saneti
643 2157 790 2215 conrilrum
816 2161 874 2230 est,
900 2163 998 2216 contra
1022 2156 1175 2237 impietatis
1283 2159 1287 2184 ‘

44 2237 190 2294 'venenum
213 2233 345 2314 quodie
365 2236 520 2296 multorum
541 2235 674 2295 cordibus
694 2235 807 2304 residet,
827 2233 882 2295 Dei
921 2236 1021 2296 lorium
1042 2255 1174 2316 asserere.

64 2307 88 2367 ln
104 2311 210 2374 emunda
228 2320 316 2394 parte
336 2315 574 2392 versusaltcram
589 2315 702 2374 virtutis
721 2317 844 2396 speciem
864 2317 893 2374 in
939 2335 972 2374 co
993 2315 1173 2377 commendat

63 2386 190 2468 Propheta,
230 2393 293 2453 uod
308 2396 400 2474 plene
423 2404 463 2455 sit
482 2405 564 2456 terre
587 2403 650 2454 eiua
673 2395 810 2454 deodate.
850 2392 911 2453 Elei
936 2401 1031 2455 autem
1051 2393 1107 2455 Dei
1132 2398 1174 2456 iu·

64 2469 121 2528 stitia
137 2471 168 2530 ad
227 2471 388 2533 ebrundum
408 2474 469 2534 eius
488 2493 594 2534 nomen
613 2477 714 2534 merito
733 2474 878 2534 stimulare
897 2495 950 2534 noa
970 2474 1061 2549 debet,
1082 2478 1174 2535 acrior

62 2553 136 2608 temen
152 2551 283 2612 stimulus
302 2559 346 2614 cst
365 2555 425 2614 eius
445 2552 570 2614 bonitas:
595 2554 662 2633 quia
687 2559 720 2612 ut
746 2556 868 2690 ‹puisque
892 2553 1051 2615 beneficum
1071 2561 1100 2613 et
1120 2557 1171 2614 mi-

63 2629 205 2691 sericordem
223 2633 324 2712 ipsum
344 2635 438 2708 sentit,
457 2635 546 2712 magis
572 2633 609 2694 ad
633 2653 699 2692 eum
724 2633 874 2692 coendum
897 2633 1029 2693 allicitur.
1069 2632 1170 2710 Porro,

62 2706 134 2768 rdine
151 2709 183 2770 de
201 2710 336 2771 omnibus
355 2710 411 2772 Dei
431 2712 573 2772 beneficiis
592 2731 686 2772 eernro
706 2711 833 2786 habetur,
858 2733 932 2792 quae
951 2714 1057 2792 sparp't
1077 2715 1104 2772 in
1126 2722 1169 2776 to·

63 2791 110 2844 tun
127 2789 277 2852 humanum
297 2811 398 2871 genus:
418 2811 453 2852 ea
471 2793 540 2853 dicit
556 2789 711 2874 Propheta,
735 2811 907 2873 quoeunque
931 2799 1074 2854 vertamus
1101 2813 1168 2852 ocu·

63 2863 96 2926 lor
112 2870 206 2948 posim
222 2889 383 2933 occurrere.

126 2951 149 3010 r.
173 2953 264 3012 Verte
285 2955 411 3013 Iebovue
428 2955 502 3014 coeli
511 2955 636 3039 firmati
659 2962 737 3014 aaut.
779 2951 848 3034 Quo
873 2973 927 3012 nos
952 2953 988 3012 ad
1012 2953 1168 3032 reputanda

63 3019 105 3083 Dei
121 3047 199 3108 opera
216 3032 319 3092 melius
339 3035 554 3114 expergefaciat,
574 3035 664 3114 ipsam
685 3033 782 3092 mnndi
803 3034 973 3092 creationem
998 3033 1079 3092 nobis
1104 3053 1168 3114 pro·

36 3107 37 3110 ’
61 3105 131 3181 ponit.
166 3107 264 3172 Donec
289 3112 365 3172 eninr
389 3116 499 3194 agnitus
523 3113 608 3174 fuerit
633 3111 713 3173 Deus
738 3113 836 3172 mundi
861 3109 981 3172 Creator
1006 3119 1036 3171 et
1060 3115 1167 3192 opifex,

63 3185 111 3260 quia
131 3191 219 3250 credat
242 3192 279 3251 ab
305 3211 341 3252 eo
366 3195 458 3252 curari
477 3213 523 3254 res
542 3193 696 3268 humanas,
721 3193 1001 3272 mundique‘atatum
1020 3191 1081 3250 eius
1101 3211 1166 3252 con·
1242 3257 1247 3266 ‚

62 3263 110 3321 silio
126 3273 151 3326 et
168 3271 253 3330 manu
273 3271 442 3353 gubcmuri‘t
461 3271 560 3332 lllundi
580 3280 675 3332 auteur
699 3275 804 3332 creatio
829 3272 864 3330 ad
883 3269 940 3330 Dei
958 3271 1166 3352 providentiam

62 3346 260 3427 untione-serie
280 3371 333 3412 noa
353 3351 479 3412 deducit:
509 3373 568 3412 non
588 3353 666 3432 quod
686 3357 744 3410 lam
767 3351 866 3411 dextre
885 3351 1087 3410 ratiocinemur
1107 3372 1166 3410 orn·

62 3437 107 3494 res,
125 3428 164 3486 vel
183 3435 240 3489 tarn
260 3441 340 3491 recto
359 3431 463 3492 iudicio
483 3431 602 3514 praediti
622 3433 687 3506 sint,
711 3439 745 3490 ut
764 3431 902 3490 mundum
923 3437 1049 3490 statuent
1068 3431 1166 3492 eadem

61 3496 102 3558 Dei
121 3507 226 3584 virtute,
246 3530 321 3590 quae
339 3512 419 3572 sein
439 3512 488 3571 illo
513 3511 636 3572 creando
657 3512 744 3571 semel
763 3512 896 3582 exseruit,
917 3509 1001 3569 bodie
1020 3512 1165 3572 sustineri:

52 3581 113 3668 tibin
130 3589 217 3663 potius
236 3591 328 3650 maior
345 3609 412 3672 pare
431 3611 497 3651 cum
517 3611 534 3650 e
554 3592 634 3650 coelo
655 3593 777 3651 otiosum
792 3597 920 3670 spectare
931 3588 1012 3669 lingit
1031 3591 1166 3670 quicquid

60 3665 167 3724 interris
185 3669 284 3748 agitur.
325 3669 384 3730 Sed
403 3671 486 3731 aliter
509 3673 563 3731 rite
582 3691 667 3736 nemo
691 3678 770 3730 tenet
790 3669 927 3728 mundum
947 3688 964 3727 a
985 3665 1048 3732 Deo
1069 3671 1165 3729 condi-

60 3741 114 3812 tum,
130 3745 177 3804 nisi
192 3767 345 3826 persuasus
365 3769 481 3830 quoque
500 3751 552 3818 sit,
565 3750 601 3810 ab
621 3751 720 3810 eodem
733 3749 824 3808 lorcri
842 3755 871 3808 ct
890 3749 1051 3808 conservari
1061 3751 1090 3808 in
1110 3769 1163 3818 suo

60 3821 127 3878 datu.
162 3823 238 3886 Seite
256 3830 343 3906 igitur
368 3836 397 3889 et
416 3836 482 3909 apte
506 3829 659 3909 Propheta,
683 3836 715 3888 ut
740 3827 820 3888 nobis
845 3829 1041 3888 certitudinem
1066 3829 1165 3909 infigat
1205 3835 1208 3842 ⁴

59 3900 226 3970 providentiae
250 3905 305 3967 Dei
331 3910 361 3968 in
387 3911 522 3970 contiuuo
546 3917 667 3970 naturae
691 3909 803 3982 ordine,
827 3927 881 3966 nos
900 3909 935 3966 ad
955 3909 1045 3988 ipsam
1065 3909 1164 3967 mundi

61 3979 174 4054 originem
196 3995 318 4047 revocat.
359 3987 465 4062 Porro,
494 4009 599 4050 nomen
619 3988 773 4048 Coelorum
793 3988 999 4066 synecdochice
1022 4007 1076 4068 pro
1102 3990 1161 4046 uni·

60 4069 125 4146 lust
145 4065 386 4128 mundi'machiua
411 4069 608 4149 posuit:·quia
629 4073 676 4144 (ut
695 4067 761 4127 alibi
782 4065 888 4128 dietum
908 4069 964 4146 est)
984 4085 1084 4127 eorum
1104 4085 1162 4126 nru-
1232 4125 1235 4128 .

60 4151 119 4195 nure
140 4150 339 4226 conspeetuin
364 4147 576 4208 admirationem
602 4148 735 4227 rapimur.
776 4146 843 4206 ldeo
867 4167 937 4206 mox
962 4145 1039 4206 addit
1062 4167 1161 4206 eorum

60 4217 203 4281 exercitum:
225 4237 282 4304 'qua
306 4247 379 4288 voce
399 4227 490 4288 sidere
520 4227 668 4288 cistellas
692 4227 781 4286 intelli
803 4230 837 4298 ἰ,
867 4229 973 4286 usitato
999 4225 1162 4306 scripturae

61 4306 208 4368 murenam
227 4305 325 4366 abhoc
344 4315 446 4368 ornatu
466 4315 594 4368 carerent
613 4308 694 4381 coeli,
719 4327 778 4387 quo
798 4305 931 4370 aucnodo
955 4307 1038 4364 vacui
1057 4312 1161 4372 essent,

62 4365 145 4434 Coelos
166 4388 258 4444 autern
276 4386 371 4448 dieena
396 4386 484 4448 verbo
504 4385 560 4448 Dei
580 4387 717 4462 cauditus,
738 4389 894 4467 potentiam
914 4386 974 4444 eius
993 4385 1082 4464 magis
1103 4403 1161 4445 arn·
