2726 4888
426 293 470 334 ra·
499 279 660 338 radan.
688 295 752 338 rxn
1109 298 1165 356 469
1214 285 1216 290 ’

34 439 89 476 um
113 405 157 478 'ast
180 417 258 504 quad
279 418 416 478 mutiano
440 423 508 500 post
529 417 622 494 addit,
642 417 676 479 Si
695 419 826 500 cupimus
850 419 941 481 firmis
966 423 1069 484 animis
1087 423 1165 484 exci-

34 517 83 558 era
105 500 300 558 tentationum
308 499 423 572 ductus,
442 497 624 560 tribuendam
645 497 774 561 essaDei
814 502 937 560 olentiae
946 509 976 562 et
997 502 1163 564 clementiae

34 597 102 636 rum
125 576 282 652 horrorem,
306 579 372 658 quia
393 594 541 658 uunquam
561 597 578 637 a
597 585 676 640 reeta
695 579 775 656 linea·
790 521 920 641 ieilectet
940 582 1069 662 quisquis
1087 581 1162 644 serie

34 669 175 716 ersuasua
195 659 258 731 erit,
276 657 348 718 muti
368 659 538 736 contingere·
550 659 604 718 nisi
624 657 680 718 Dei
699 657 826 735 arbitrio,
846 673 970 738 eumque
989 680 1048 722 non
1067 663 1162 723 nrinos

35 738 171 796 emenda
196 753 288 822 quam
307 736 431 818 imperia,
452 731 571 818 pallere.
613 737 810 818 Postquame
844 739 1046 803 ohonorifioe
1065 738 1162 802 David

34 837 45 875 a
68 809 232 876 remiba
250 815 472 896 iidepraeiatus
493 823 551 890 ott,
565 836 643 878 nuno
668 819 735 878 dicit
754 837 786 878 se
809 839 826 879 e
846 825 943 880 actum
963 839 1025 880 essa
1045 821 1161 881 deeius

34 896 228 976 unipoteutia
255 903 288 956 et
317 893 452 956 bonitate.
496 893 625 975 Quidam
652 897 711 958 inte
747 904 876 960 retentor
904 901 1074 960 instmetam
1098 919 1161 960 essa

34 975 496 1115 peurgrtpotenu'tigingdhiunpandg's
516 975 866 1118 fidiliibdmipquffl'
885 977 1037 1118 cigrtnentig
1055 979 1159 1040 adduci

70 1076 92 1114 v
124 1076 156 1113 r.
223 1074 256 1114 ec
395 1075 462 1129 en,
495 1075 662 1116 eororam
700 1075 748 1117 ar
790 1079 799 1118 r
837 1077 913 1118 uu
984 1075 1160 1120 rouresse

34 1145 81 1196 teo
104 1133 143 1194 ad
160 1135 333 1195 coercendos
353 1135 465 1216 impios,
487 1097 675 1216 quantumvis,
690 1136 813 1218 superba
837 1075 990 1213 efferrem,
1009 1141 1068 1200 ime
1089 1139 1159 1199 satis

34 1215 169 1274 »bustum
192 1233 257 1274 ease
279 1215 316 1274 ad
340 1214 525 1296 irarigendam
549 1235 651 1276 eorum
675 1216 821 1278 duritiem:
845 1235 914 1277 snos
938 1225 1034 1278 autem
1059 1219 1158 1280 fovere

34 1315 40 1356 ;
61 1296 151 1370 tueri,
171 1296 238 1374 quia
257 1313 404 1376 nunquam
415 1296 660 1356 clementianum
674 1303 705 1355 et
714 1295 847 1356 bonitatis
856 1296 1040 1358 obliviscitur.
1070 1297 1157 1378 Quid·
1248 1359 1253 1376 ,

34 1377 80 1434 uis
102 1382 201 1434 autem
220 1374 256 1433 ad
276 1373 349 1434 hanc
368 1372 426 1435 De'
450 1375 608 1456 potentiam
629 1365 662 1436 et
679 1373 845 1450 bonitatem,
865 1390 941 1456 quas·
956 1391 978 1437 a·
993 1376 1064 1438 Dee'
1078 1397 1157 1460 sepa·

34 1474 78 1516 rre
100 1454 145 1514 ias
168 1473 228 1514 nou
243 1459 305 1533 est,
331 1473 431 1514 sensns
450 1473 519 1516 suos
536 1454 653 1530 referet,
679 1456 754 1516 iuter
773 1458 951 1517 merissimas
970 1469 1100 1538 quaeque
1116 1459 1158 1517 ia·

34 1535 158 1594 tationes
176 1540 270 1594 rectus
289 1541 319 1594 et
338 1533 452 1614 quietos
472 1533 566 1607 stabit,
585 1534 634 1595 ubi
654 1541 749 1596 autern
760 1533 1008 1608 Daumexuimus
1028 1555 1080 1598 soa
1099 1539 1158 1596 vir·

34 1621 85 1687 rte,
112 1619 145 1673 ut
168 1613 258 1696 vulgo
282 1611 344 1674 lieri
365 1615 452 1690 solet,
483 1631 607 1696 aequum
632 1621 677 1674 est
702 1631 756 1674 nos
780 1617 904 1676 vicissim
935 1617 1076 1698 praesidia
1101 1617 1158 1677 ieta

34 1694 119 1754 udari
138 1693 216 1774 quod
235 1693 271 1754 ad
291 1693 471 1775 repellendae
488 1709 588 1756 omues
607 1697 779 1756 teubatioaea
796 1695 950 1756 sufficeret.
965 1694 1056 1776 'Quia
1074 1711 1157 1756 muu-

34 1794 71 1834 us
99 1775 223 1833 otiosum
242 1772 338 1834 Deum
364 1774 549 1858 imaginetur,
573 1775 719 1856 quomodo
739 1795 797 1836 noa
817 1775 854 1835 ad
873 1775 1006 1836 minimos
1025 1795 1158 1856 quosque

34 1861 115 1914 sotus
134 1853 298 1934 trepidaret,
317 1854 367 1934 qui
387 1853 423 1913 ad
443 1873 543 1914 meaos
568 1853 699 1915 fortunae
717 1855 841 1936 impetus
860 1873 892 1915 se
910 1857 1074 1936 expositum
1094 1873 1156 1915 essa

34 1933 122 1994 rotati
144 1931 219 1994 Hinc
242 1952 312 2030 argo
337 1933 493 2012 uanqoiila
513 1933 663 2008 securitas,
688 1933 713 1994 si
737 1933 876 1996 mundum
900 1934 1081 1996 subiicientas
1100 1933 1158 1996 Dei

34 2013 152 2094 mperio,
171 2033 225 2073 nos
248 2013 291 2074 ills
314 2031 349 2074 aa
369 2015 455 2074 vitam
475 2021 601 2074 nostram
622 2013 819 2094 permittimus.
859 2013 1036 2096 Apotentia
1060 2021 1157 2075 autem

34 2095 154 2236 rica
169 2093 1158 2255 araimbercariarumrenarra:

34 2271 76 2330 ua
97 2273 150 2314 noa
169 2255 295 2316 anxietas
315 2263 345 2316 ta
382 2262 457 2318 ucat.
495 2253 613 2336 Alioqui
631 2256 661 2315 iu
680 2257 808 2314 animum
826 2253 932 2318 subibit
955 2253 1030 2314 haec
1046 2217 1157 2336 diicep·

34 2337 99 2409 atio,
119 2329 196 2412 Quid
206 2333 288 2394 nobis
307 2355 360 2418 pro
380 2343 424 2395 est
432 2333 490 2396 Dei
508 2335 628 2416 imperio
647 2333 763 2395 subesse
776 2335 933 2394 mundum'i
952 2353 989 2394 an
1004 2341 1156 2415 propterea

34 2413 102 2474 obis
120 2412 303 2474 auxiliabitur
324 2415 376 2496 apri
399 2415 507 2497 indigni
532 2433 632 2476 sumna
650 2417 825 2476 eius'cora?
847 2409 914 2474 Nou
938 2421 1045 2474 umaro
1069 2415 1155 2496 igitur

34 2491 116 2554 )avid
136 2493 223 2556 robur
242 2501 272 2556 et
290 2493 470 2572 clementiam
489 2495 574 2560 siruul
594 2495 725 2576 copulat:
791 2496 817 2556 ia
838 2493 948 2554 duabus
965 2495 1028 2554 istis
1046 2494 1098 2556 alia
1118 2493 1154 2554 ad

35 2573 115 2632 lenm
134 2571 289 2648 evehimur,
309 2581 343 2652 et,
357 2575 417 2636 istis
437 2575 547 2640 duabus
566 2574 679 2634 inituris
699 2515 951 2648 subibinuitimor,
970 2573 1075 2634 neulla
1094 2581 1155 2634 ten·

35 2655 158 2714 ationem
176 2653 324 2736 naufragia
343 2667 396 2715 nos
415 2653 589 2734 demergant.
628 2649 706 2713 flacc
725 2671 837 2713 summa
857 2659 910 2725 est,
931 2654 1043 2734 quoties
1063 2661 1157 2714 terror

35 2735 120 2814 liquis
139 2732 286 2809 obiicitur,
304 2736 402 2795 veniat
427 2735 510 2796 uobis
530 2737 559 2795 in
579 2740 704 2795 mentem
723 2731 780 2793 Dei
799 2733 936 2814 petentia,
955 2735 1002 2792 oui
1020 2732 1103 2793 facile
1122 2751 1157 2794 ae

36 2817 183 2894 romptom
207 2819 253 2892 eat
269 2812 416 2876 discutere
432 2833 538 2890 ,omues
560 2831 653 2876 uaxaa
672 2813 857 2892 quantumvis
879 2814 936 2872 aiat
955 2812 1157 2888 formidabiles,

36 2895 66 2953 bi
87 2895 128 2953 ita
146 2891 176 2954 in
195 2893 296 2954 animis
314 2883 613 3053 nostrispracvalebit,
629 2893 713 2955 facilc
732 2891 868 2974 quicquid
879 2898 921 2951 est
937 2882 1021 2952 saiuti
1040 2899 1156 2954 nostrae

35 2973 192 3037 ontrariurn
209 2980 379 3054 prosternet
452 2975 499 3033 uid
523 2975 598 3036 enim
623 2971 796 3047 timendum,
820 2971 869 3032 ubi
892 2971 969 3031 idem
989 2969 1084 3047 Deus,
1105 2973 1156 3054 qui

35 3073 73 3114 os
97 3051 150 3112 sub
173 3052 275 3112 umbra
298 3055 408 3114 alarum
432 3071 548 3114 suarum
572 3053 694 3132 colligit,
716 3052 781 3112 solo
806 3057 879 3111 nutu
903 3049 1043 3132 gubernat
1060 3059 1156 3112 totum

35 3132 174 3194 eundum?
192 3131 329 3198 Seianam
348 3140 378 3194 et
396 3153 496 3199 omues
515 3134 618 3215 impios
638 3133 784 3196 devinctos
803 3138 883 3192 terret
901 3133 1010 3192 arcanis
1030 3133 1156 3214 catenis?

35 3213 114 3274 mnia
134 3212 197 3276 deni
238 3231 255 3274 e
274 3214 402 3274 omnium
421 3213 548 3285 consilia,
568 3211 671 3288 studia,
691 3219 719 3276 ct
735 3212 1049 3272 conatuamodcrator‘l
1067 3211 1155 3276 modo
1212 3267 1214 3274 ,

35 3292 105 3352 imul
128 3289 184 3352 hoo
248 3311 297 3357 um
317 3297 446 3370 maneat,
470 3293 629 3356 bonitatem·
652 3294 721 3357 eius,
734 3293 787 3372 piis
808 3293 948 3366 omnibus,
969 3292 1019 3374 qui
1037 3291 1073 3352 ab
1093 3293 1155 3372 ipsa

36 3373 152 3450 audent,
171 3382 233 3433 ease
251 3375 421 3455 expositam.
465 3375 515 3434 To
538 3375 685 3458 rependes.
725 3371 849 3452 Propius
874 3372 910 3432 ad
935 3391 1020 3431 suum
1043 3371 1154 3432 ia'stitu·

36 3469 82 3514 um
102 3453 296 3518 accommodat
315 3453 394 3536 quod
414 3451 499 3516 dixit:
519 3472 585 3514 nam
596 3451 652 3513 Dei
668 3453 861 3532 providentiae
880 3453 919 3511 ita
928 3451 1067 3512 mundum
1087 3451 1155 3511 sob-

36 3552 83 3592 sse
100 3535 273 3614 prenuntiat,
293 3541 326 3592 ut
344 3531 459 3594 iuturus
478 3534 515 3592 eit
533 3533 741 3592 iustus'iudex.
766 3531 844 3591 llaec
864 3533 958 3592 autem
979 3533 1154 3614 exspectatio

36 3617 41 3674 i
62 3615 93 3672 ia
112 3613 335 3674 animisnostris
354 3615 458 3696 rigeat,
477 3614 751 3676 eosalluctoatione
770 3611 892 3692 colligat,
912 3610 1021 3672 sedabit
1040 3631 1155 3672 omnem

36 3693 239 3773 apatiaotiam:
258 3691 381 3754 frenabit
399 3693 484 3754 etiam
505 3711 619 3757 ornnem
639 3693 846 3774 intemperiem,
869 3709 906 3752 ne
926 3691 962 3752 ad
986 3691 1180 3752 retaliandaar
1306 3694 1311 3710 '

36 3773 135 3834 riurias
153 3771 309 3858 prosilierit.
350 3769 425 3836 Nam
435 3773 502 3832 boc
520 3769 578 3834 fine
598 3773 634 3832 ad
649 3771 705 3830 Dei
724 3771 848 3831 tribunal
866 3791 898 3832 se
917 3777 946 3832 et
965 3772 1035 3833 alios
1055 3787 1155 3832 omnes

36 3855 88 3914 itat
107 3871 140 3912 ao
159 3853 232 3914 aiatit
251 3851 357 3928 David,
377 3859 411 3913 ut
423 3849 459 3938 ¹iu
477 3849 663 3938 spafiuiultorle
676 3849 851 3912 liberationis
871 3871 901 3912 sc
921 3851 1078 3925 confirmet,
1097 3850 1153 3909 ior-

36 3931 384 4073 sacrararum
400 3931 915 4074 tartarumrrrurau
945 3934 995 4069 *a
1014 3930 1076 4028 b
1093 3949 1154 4068 rr:
1179 3969 1183 3990 ·

36 4033 110 4172 bbgis
133 4031 251 4152 iissem
276 4092 312 4152 ab
338 4091 436 4152 offimo
460 4091 576 4166 iudicia,
607 4111 693 4176 quam
718 4033 868 4172 abnegabit
891 4031 1154 4172 seipsumquada

37 4174 161 4252 equitur,
190 4171 346 4258 quamlibet
375 4169 471 4232 multis
491 4161 600 4231 iniuriis
624 4173 712 4234 simus
732 4171 864 4245 obnoxii,
889 4171 948 4230 imo
968 4189 1022 4230 uos
1040 4168 1153 4250 proiaoi

37 4253 148 4312 rumines
169 4271 223 4334 pro
248 4252 453 4312 innumeras
478 4250 614 4326 habeant,
638 4252 741 4332 respici
759 4257 855 4312 tamen
874 4257 985 4310 nostras
1004 4267 1154 4309 aerumnas

37 4363 39 4388 r
59 4331 131 4404 Deo,
150 4337 182 4392 ut
201 4333 370 4412 tempestivo
389 4337 550 4392 succurrat:
576 4331 655 4414 quia'
668 4329 788 4390 suornm'
812 4329 992 4390 tolerantiam
1006 4332 1075 4388 'noo
1095 4328 1153 4388 iru-

39 4411 161 4474 trabitur.
201 4407 290 4491 Quod
316 4417 414 4475 autem
433 4410 478 4474 his
503 4411 649 4486 sententiis
674 4409 796 4492 probare
819 4410 994 4471 centendunt
1013 4407 1155 4490 Popiliae,
