2726 4888
428 299 474 343 ιιι
501 297 662 342 saecu.
689 271 818 340 ιιιιιι.14
1120 297 1172 359 eu

16 424 218 496 oraticnem
237 428 368 482 tentasse.
390 420 512 499 Quodsi
530 421 570 482 ub
589 419 657 484 lldei
675 421 889 496 conluuionem·
903 421 1118 500 nobisinlastus
1136 427 1175 488 ait

12 526 34 560 a
44 503 160 565 nardus
180 503 277 578 (sicuti
298 503 592 582 videmus·atuuquam
604 503 700 562 mnus
714 499 808 560 lurae
819 503 931 582 impios,
951 521 1039 581 quarn
1059 505 1106 564 ubi
1118 503 1175 569 Dei

18 583 155 644 erbum
183 589 214 644 et
237 583 370 661 pietatem
402 585 584 663 oppugnant)
615 581 776 660 duplicatur
799 581 881 642 nobis
905 581 1018 647 fiducia.
1062 583 1174 646 Interea

17 666 115 722 tiam
139 661 276 725 admouet
296 661 342 732 bic
361 661 442 727 locus
467 682 553 740 quarn
580 663 741 742 prodigiosa
759 661 798 722 ait
818 661 965 724 bonriuum
986 663 1102 738 malitia,
1122 667 1175 746 qui

12 744 160 805 tudina:
182 743 287 821 ebriae
306 743 368 803 eius
389 745 416 806 iu
430 741 560 812 dedecus
584 747 763 804 convertunt.
805 739 882 802 Rene
906 748 1004 804 auteur
1022 742 1175 822 nubbcnns

12 826 137 902 igitur,
157 821 235 901 qnod
256 821 483 901 probraquibus
502 840 556 892 nus
575 828 697 890 oncant
719 821 808 900 impii,
832 841 891 885 uon
915 822 1003 882 modo
1026 821 1174 904 abstergit,

16 903 73 962 ed
98 903 188 964 etiam
209 899 342 970 illustras„
361 909 392 962 ut
413 908 548 982 superent
567 920 666 970 omues
686 902 785 970 muudi
803 902 973 982 triumphos.
1004 899 1066 961 Hac
1085 906 1173 966 etiem

12 983 245 1044 :ircumstautia
267 979 423 1061 emptitios:
447 1000 529 1042 suam
553 983 768 1060 querimoniam,
793 981 906 1060 quoda
927 983 985 1040 suis
1005 986 1174 1064 consangui-

17 1065 88 1122 neis
116 1069 150 1122 et
177 1081 230 1140 pro
252 1063 344 1142 ioquin
370 1061 453 1120 suerit
482 1061 673 1127 inhumaniter
703 1063 833 1122 reiectus.
874 1059 956 1122 Unde
980 1063 1066 1122 etiam
1087 1064 1170 1124 doce

12 1163 104 1212 asur,
127 1081 396 1221 posthabitocarnis
415 1147 444 1200 et
464 1141 607 1220 sanguinis
627 1148 766 1220 respectu,
785 1141 962 1220 sequendum
982 1159 1044 1202 esse
1064 1141 1170 1218 Deum,

12 1225 39 1279 si
67 1223 190 1302 pietatis
210 1239 304 1291 eauw,
325 1220 444 1280 trabum
463 1228 626 1280 neruorum
648 1221 769 1280 ollensaa
789 1222 913 1302 ellegere
929 1241 991 1284 nnn
1010 1223 1100 1284 liceat.
1212 1235 1214 1243 ’
1249 1248 1254 1272 ι

110 1305 152 1363 10
184 1305 265 1375 Quia
283 1301 372 1360 aelus.
402 1297 543 1378 Quamvis
557 1297 759 1378 profiterentur
774 1297 892 1360 Davirlia
907 1299 1003 1361 hostes
1027 1297 1080 1362 sini
1101 1303 1171 1364 nihil

12 1383 126 1442 minas
146 1397 212 1440 esse
229 1381 258 1440 in
278 1381 382 1451 animo,
403 1399 489 1460 φιιιι
510 1379 649 1460 attingere
669 1399 780 1442 uerum
801 1379 863 1440 Dei.
876 1399 995 1441 nornen.
1021 1382 1112 1442 lalsns
1127 1391 1172 1443 ta·-

12 1481 94 1520 uien
117 1455 221 1523 eandm
238 1467 403 1540 praetentas
421 1460 557 1536 refutans,
576 1459 725 1520 confirmat
750 1481 781 1522 se
859 1459 944 1522 :uso
967 1471 1089 1526 eniam:
1108 1457 1171 1534 nso}

12 1544 160 1621 dumque
186 1541 326 1612 ostendit,
351 1541 417 1620 quia
444 1541 505 1598 zelo
525 1537 668 1600 Ecclesiae
688 1539 745 1600 Dei
770 1561 785 1600 a
820 1548 874 1600 eat.
916 1539 1090 1622 Quanquam
1110 1564 1170 1604 nou

12 1629 144 1694 tantum
165 1625 268 1694 tractet
287 1617 322 1679 de
342 1629 437 1694 causa
457 1619 507 1680 sed
528 1621 603 1694 dicit,
629 1623 812 1699 quantumvis
825 1621 948 1700 indigue
968 1629 1113 1694 tractetur,
1138 1643 1170 1682 sa

12 1709 127 1760 tamen
148 1701 230 1780 qnasi
250 1700 368 1760 oblitum
391 1701 434 1759 sni
454 1700 571 1760 induere
590 1707 719 1762 sanetum
734 1702 866 1760 ellectum
885 1701 1170 1776 lambethanus,

13 1789 55 1840 et
77 1781 167 1842 umal
187 1781 292 1860 pinuae
313 1779 378 1854 Dei}
418 1779 482 1840 Hoc
507 1787 539 1841 ut
559 1779 658 1840 melius
678 1781 795 1860 liqueat.
819 1779 974 1842 notandum
996 1791 1048 1852 est,
1069 1803 1179 1863 quan.

14 1863 74 1922 vis
99 1881 152 1920 ore
175 1863 280 1922 iactent
304 1881 403 1922 omnes
426 1879 458 1920 se
478 1857 542 1919 Deo
568 1859 727 1940 relinquere
751 1881 832 1920 suam
857 1861 985 1940 gloriam,
1005 1863 1053 1922 ubi
1073 1855 1169 1922 tamen

15 1943 64 2000 ad
87 1940 204 2021 legem,
224 1941 260 2000 ad
280 1942 406 2022 regulam
426 1942 472 2020 pie
491 1941 607 2000 urendi
626 1947 743 2000 ventum
764 1948 815 2011 est,
835 1939 900 2000 Deo
924 1942 1054 2002 illudere:
1073 1961 1184 2023 neque¹

17 2023 55 2081 id
83 2021 182 2094 modu,
206 2022 258 2082 sed
280 2021 387 2085 ludusa
411 2038 528 2102 quoque
547 2021 682 2100 impetere
698 2021 794 2115 ipsum
814 2023 843 2080 in
864 2041 917 2082 suo
937 2021 1050 2104 verbu.¹
1075 2020 1168 2100 Quasi

18 2123 101 2164 vero
122 2103 152 2162 in
171 2108 237 2166 aere
255 2107 368 2164 tantun:
376 2101 521 2175 colivelit,
540 2119 575 2160 ac
594 2120 650 2162 nou
664 2111 757 2180 potrus
767 2103 890 2166 erexerit
909 2099 1073 2162 sibisclium
1093 2105 1168 2162 inter

20 2184 172 2255 homines,
192 2201 229 2244 ex
249 2178 543 2262 quoeoatguberucb
584 2174 649 2240 ltleo
671 2177 937 2262 David.Ecclesiam
956 2181 1170 2262 ΙιίοιιιΙιιῑίΙιιὶίΙ

21 2267 59 2324 in
79 2263 272 2338 Deilocuru,
295 2269 412 2322 count
430 2261 467 2322 ad
486 2280 548 2340 eam
577 2259 727 2325 transferat
747 2259 825 2342 qaod
849 2261 924 2322 illius
944 2263 1092 2342 proprium
1114 2269 1167 2336 est,

22 2345 81 2404 sed
102 2350 137 2402 ut
155 2343 286 2402 ostendat
303 2343 433 2402 fabricari
452 2343 536 2402 istane
556 2337 611 2400 Dei
631 2359 747 2417 nomeu.¹
770 2339 819 2402 ubi
839 2339 1003 2421 repudiatur
1022 2363 1088 2402 rere
1110 2343 1166 2423 pie·

25 2426 98 2482 tatis
116 2421 223 2502 regula,
243 2425 323 2482 cuius
333 2419 459 2484 Ecclesia
479 2419 571 2482 fidelis
588 2428 633 2482 est
654 2428 758 2480 custos.
785 2421 864 2482 Adde
885 2423 961 2500 quod
982 2419 1088 2494 Doridi
1102 2442 1164 2484 cer·
1190 2426 1192 2432 '

25 2513 128 2564 tamen
146 2510 209 2564 erat
222 2523 293 2562 cum
313 2502 425 2562 larvale
444 2499 650 2578 etadulterino
671 2500 725 2562 Dei
742 2501 863 2580 populo.
900 2499 972 2560 'l'ota
992 2504 1068 2564 enim
1088 2509 1169 2576 secta
1192 2534 1194 2542 =

28 2583 128 2644 Saulis
147 2582 307 2648 venditabat
326 2601 359 2643 se
379 2581 462 2644 titulo
482 2577 636 2652 Ecclesiae:
661 2575 802 2660 Davidem
822 2600 892 2660 sero
918 2589 1093 2660 apostatam,
1118 2579 1167 2642 ve'l

29 2661 178 2758 putridum
197 2661 357 2725 membrum
377 2681 439 2723 esee
458 2661 587 2723 neruus
629 2657 691 2721 llec
715 2659 880 2740 indignitate
899 2655 995 2723 David
1015 2659 1086 2742 edeo
1106 2667 1167 2722 non'

28 2743 184 2822 trangitpr,
213 2750 248 2800 ut
268 2741 391 2802 libenter
407 2743 553 2802 sustineat
576 2739 697 2814 insultus
722 2759 821 2805 omues
846 2759 1003 2820 procerae
1024 2738 1167 2806 Ecclesiae

30 2823 203 2894 detersione.
228 2820 344 2891 Interim
362 2827 449 2902 cegat
467 2840 498 2880 ae
517 2820 634 2900 privatis
655 2819 786 2889 convitiis
805 2820 927 2883 mereri:
949 2820 1015 2900 qrsia
1036 2821 1167 2902 deposita

30 2905 78 2962 sut
98 2921 164 2963 eura
183 2909 293 2966 tautum
319 2899 356 2962 ob
376 2899 520 2962 Ecclesiae
544 2899 757 2980 oppressionem
784 2901 885 2960 auxius
909 2919 943 2958 ac
968 2907 1093 2960 euocatus
1118 2902 1166 2976 sit,

30 2987 92 3044 imo
116 2982 213 3043 dolere
237 2981 349 3054 ardeat,
373 2988 404 3042 et
428 2980 533 3040 doloris
554 2979 659 3039 ardore
682 2987 875 3053 consumatur,
913 2977 1024 3040 Eodem
1042 2981 1167 3062 pertinet

31 3061 188 3122 seeundum
212 3060 386 3125 menum:
411 3061 477 3142 quia
500 3077 532 3120 se
556 3057 627 3132 nibil
647 3079 668 3118 a
689 3055 752 3118 Deo
771 3065 933 3140 sapardus:
954 3054 1059 3121 babere
1078 3061 1101 3120 si
1122 3059 1165 3120 ui·

32 3143 106 3202 ficet.
127 3141 218 3200 Aliter
237 3140 352 3221 quidem
371 3142 515 3220 accipiunt
534 3139 671 3208 nonnulli,
691 3137 807 3218 nuptus,
827 3159 916 3218 quum
936 3139 1044 3201 irruere
1060 3083 1166 3219 velient

33 3225 62 3282 in
82 3220 231 3294 turtum,
249 3241 317 3284 suos
336 3222 460 3301 impetus
480 3220 598 3294 vertisse
617 3220 647 3281 in
667 3215 774 3290 Deum.
796 3225 827 3280 et
846 3219 884 3277 ita
905 3219 963 3278 suis
984 3218 1165 3300 blasphemiis
1254 3261 1263 3279 ι

34 3308 160 3363 sanctum
180 3302 272 3362 riuum
298 3299 424 3380 oblique
438 3300 605 3380 pupugisse:
630 3300 698 3380 quia
722 3297 850 3362 sciebant
873 3297 943 3360 nibil
968 3299 992 3380 pi
1018 3299 1080 3360 ture
1103 3321 1165 3360 mo·

35 3382 128 3440 lestius
145 3380 182 3440 ad
200 3380 357 3454 terendum.
397 3377 456 3440 Sed
475 3381 546 3438 baec
564 3380 758 3459 interpretatio
776 3379 862 3438 :nimis
887 3385 985 3438 coacta
1006 3386 1063 3450 est,
1089 3379 1165 3440 sieut

35 3468 64 3520 et
82 3461 179 3535 altera,
204 3457 344 3520 Davidem
368 3480 427 3521 nou
451 3479 532 3520 secus
554 3458 644 3518 luisse
662 3458 819 3536 supplicem
841 3459 952 3538 quoties
973 3457 1089 3520 ridebat
1108 3457 1167 3528 Dei

35 3559 135 3603 nomeu
155 3540 290 3636 probrose
310 3541 437 3613 lacerari,
456 3558 544 3618 quam
563 3541 587 3597 si
605 3557 672 3598 reus
691 3537 789 3598 usse:
810 3538 902 3598 laesae
921 3539 1082 3600 maiestatis.
1107 3533 1162 3603 Re·

35 3624 110 3680 tineo
127 3621 211 3700 igtur
230 3619 308 3698 quod
327 3622 386 3682 iam
405 3619 480 3691 dixi,
505 3615 663 3686 Davidem,
686 3619 730 3678 eui
756 3615 893 3692 oblitum,
919 3617 1054 3698 quicquid
1076 3617 1178 3682 seusu

34 3701 146 3770 dolone,
165 3699 292 3770 bendere,
312 3718 349 3761 ex
368 3705 467 3763 sancto
487 3698 559 3772 zelo,
577 3718 637 3776 quo
656 3695 794 3776 tlegrubat
812 3716 902 3776 quun:
922 3697 1031 3758 videret
1050 3697 1174 3760 sacrum*

35 3778 89 3840 Dei
104 3799 207 3841 namen
227 3779 347 3859 indiguis
368 3779 546 3842 coutumeliis
564 3777 649 3838 allici.
668 3773 890 3857 Quo-exemplo
909 3777 1054 3850 docemur,
1071 3799 1166 3859 quum*
1224 3815 1231 3835 ι

35 3867 131 3918 natura
148 3861 232 3923 nimis
250 3860 341 3922 teneri
361 3859 450 3924 simus
469 3864 497 3917 et
518 3857 628 3918 delicati
647 3857 683 3918 ed
706 3855 853 3918 ferendam
877 3857 1075 3937 ignominiam,
1100 3879 1162 3918 mu·

35 3939 147 4002 tandum
166 3958 228 4001 ease
247 3947 461 4020 praeposterum
482 3936 560 3998 bunc
577 3939 725 4006 affectum,
751 3943 784 3996 ut
806 3937 897 4017 magis
921 3957 974 4012 pes
999 3938 1163 3998 excrucient

35 4017 134 4099 probra
152 4038 226 4098 quiae
244 4021 274 4078 in
295 4017 391 4078 Deam
411 4017 582 4090 educunt,
606 4015 654 4078 bic
677 4017 753 4078 enim
777 4021 808 4076 et
830 4013 1035 4079 excandescere
1059 4025 1089 4078 et
1108 4016 1161 4078 iul·

36 4099 137 4158 minare
156 4105 281 4178 eportet:
302 4100 412 4178 privata
429 4103 528 4158 autem
547 4096 694 4158 maledicta
714 4093 945 4176 placidevorarc.
966 4092 1071 4174 Quoad
1085 4098 1161 4158 euim

38 4175 209 4241 didioesbuus
227 4179 369 4260 negligere
388 4178 531 4258 preprium
546 4176 665 4248 ,[ιιιιιιιιιι,
685 4195 833 4271 nuquam
851 4177 881 4234 in
895 4173 976 4234 nobis
992 4177 1162 4244 accendetur
1207 4221 1211 4228 ·

40 4277 116 4316 veuu
133 4258 186 4318 aeli
206 4257 310 4332 servor,
331 4264 363 4318 ut
382 4277 436 4338 pre
455 4255 603 4316 asserenda
615 4255 669 4315 Dei
685 4253 778 4336 gloria
798 4261 947 4314 certemus.
967 4249 1163 4337 Porroqaum,
1231 4258 1233 4268 '

39 4335 126 4398 Dauid
144 4339 231 4398 totius
250 4335 394 4401 meuse
411 4356 564 4417 peonnam
583 4337 764 4409 sustinuerit,
790 4331 926 4414 quicquid
947 4334 1033 4396 dese
1052 4338 1159 4418 praesti·

39 4416 218 4502 oatriupleri
238 4435 352 4499 necem
371 4418 424 4485 luit
443 4420 473 4480 iu
491 4436 605 4478 nummo
625 4415 726 4496 capite.
763 4413 890 4494 Ideoque
908 4433 965 4474 uon
987 4415 1088 4476 mirum
1109 4423 1161 4490 est,
1195 4439 1202 4449 ·
