2854 4886
454 253 688 302 rursusne
713 255 756 302 rr.
825 263 830 272 ·
1176 255 1213 314 21

51 397 122 462 gem
143 375 397 453 sentement
415 381 517 442 mun
535 381 677 463 msam
695 335 833 455 eoum,
857 379 906 442 vu
925 379 976 462 qo
994 377 1077 442 voa
1096 375 1212 442 suum
1278 350 1282 359 '

51 461 126 519 scit:
153 460 249 540 etqui
268 457 327 519 boc
345 461 494 542 proprium
512 458 568 522 Dei
586 479 692 522 munau
711 467 769 537 est,
788 479 990 542 quemcunque
1008 460 1146 534 voluerit,
1166 477 1211 522 es-

54 555 186 635 pumere.
212 537 277 598 Per
294 559 401 600 nomen
420 543 562 638 Benignqt
582 559 642 601 uon
662 537 761 605 dubito
781 541 851 638 quin
869 541 915 600 ius
933 539 1111 636 mgiumsibi
1126 523 1211 602 erle

55 617 859 782 titivt‘fftffitetntttttt'tttt‘
875 627 1210 760 mittet&
1285 695 1288 706 ·

846 741 856 774 i

53 775 1210 920 emittit·.„ffi”ttt*tt,t⁰⁰⁸lt·tteltttzsttlt

57 937 139 998 solet
162 899 314 1001 Nonudllt
332 941 430 1007 'tlon
445 939 558 1020 passive
573 939 714 1020 arripiunt
728 879 786 999 labb
800 957 854 1020 pro
868 937 1006 1014 benefico,
1027 937 1077 997 sed
1092 939 1144 1021 qut
1151 935 1209 998 Dei
1248 969 1252 974 ·

57 1019 164 1092 lavore,
177 1019 211 1116 in
228 1017 305 1116 polio
315 1017 426 1114 locatum
436 1021 492 1078 eet!
508 1017 648 1116 Sedquia
664 1019 775 1080 nullum
791 1019 876 1079 huius
889 1016 1101 1114 significatiouiq
1114 1035 1209 1116 exmu-

57 1095 1210 1260 remmom

62 1259 127 1352 quia
144 1258 319 1318 misericors
338 1263 382 1318 est
401 1276 436 1317 ue
455 1256 607 1354 bmeficne
621 1255 702 1356 ‘lliue
721 1259 828 1356 colligit
848 1277 879 1318 se
897 1257 1065 1318 exauditum
1084 1257 1118 1316 iri
1134 1275 1207 1337 quo·

64 1334 877 1502 emffloetttnlcemrm
896 1335 1215 1496 termet-

67 1503 116 1570 et,
132 1501 277 1579 perpetuo
293 1502 399 1570 tuetur,
420 1515 478 1576 quo
495 1497 641 1572 docemur,
659 1499 800 1580 intrepide
813 1515 860 1558 am
881 1498 959 1557 ulare
972 1498 1002 1556 in
1017 1495 1070 1556 viis
1085 1496 1204 1554 nostrie:

64 1595 128 1716 qun
151 1595 305 1658 nunqnam
329 1577 441 1636 irritum
460 1577 514 1638 crit
533 1577 667 1660 quicquid
686 1577 824 1639 fuerimus
844 1577 968 1659 aggressi
986 1595 1022 1636 cn
1042 1577 1102 1636 dus
1121 1580 1203 1634 nutu.

90 1675 125 1716 oc
147 1655 237 1717 nobis
261 1656 353 1716 lixum
378 1662 506 1732 maneat,
529 1674 675 1738 nunquam
693 1655 750 1717 Dei
771 1657 909 1717 auxilium
925 1651 1025 1715 ¹delore
1045 1655 1157 1715 sineere
1172 1655 1204 1714 iu

64 1733 437 1878 gqggumtigmz
456 1737 518 1882 pino
528 1755 585 1820 qua
600 1737 796 1798 consolatione
810 1737 927 1820 singulis
940 1736 1092 1796 momentis
1104 1731 1203 1794 fideles
1230 1805 1236 1822 ι

158 1989 191 2060 5.
213 1985 466 2074 contremiscite,
493 1998 526 2060 et
551 2011 619 2058 uon
647 1987 829 2084 peccabitis:
856 1985 1024 2080 loquimini
1051 1987 1084 2054 iu
1106 1985 1201 2054 corde

67 2106 174 2164 restro
194 2119 291 2188 mper
310 2095 416 2166 cubile
436 2106 594 2182 vestrum,
615 2107 649 2166 et
668 2106 781 2170 tacete.
814 2091 921 2164 Selab.
965 2093 1200 2184 assentiente

67 2201 211 2272 milicia
233 2201 380 2288 iustitiae,
401 2213 435 2292 ,cp
456 2213 578 2297 sperate
600 2202 634 2270 in
654 2201 808 2275 Domino.
1230 2209 1240 2226 “

140 2373 168 2437 d
190 2381 420 2438 warmume.
453 2371 541 2436 Nunc
558 2373 658 2436 hortos
677 2393 745 2436 suos
764 2373 801 2434 ad
819 2372 1041 2456 resipiscentiam
1059 2362 1217 2446 hortatum*
1246 2347 1252 2366 ’

63 2451 171 2514 eiiorte
183 2453 285 2515 adbuc
300 2454 433 2517 sanabilis
447 2457 599 2518 eit'eorum
614 2455 731 2515 insania.
756 2453 855 2514 Primo
869 2459 965 2513 autem
981 2453 1199 2512 contremiscere
1255 2456 1259 2465 ’

64 2550 110 2594 sos
133 2531 232 2608 iubet,
257 2535 306 2594 rel
329 2535 513 2596 tumultuari:
539 2555 598 2616 quo
624 2535 713 2595 verbo
739 2551 839 2594 eornm
859 2539 1005 2614 stuporem
1025 2531 1197 2613 perstringit,

63 2613 122 2694 qnia
132 2609 189 2683 Dei
213 2613 317 2674 timore
336 2619 366 2676 et
384 2615 453 2675 vivo
472 2633 557 2676 sensu
577 2616 669 2686 vacui,
689 2615 855 2696 praecipites
874 2617 968 2692 ruunt
988 2609 1025 2670 Et
1042 2610 1199 2671 certohinc

64 2699 165 2754 tanturn
188 2693 338 2767 hudaciae
365 2694 459 2776 impiis
489 2694 634 2768 omnibus,
663 2699 697 2754 ut
726 2693 833 2754 bellum
862 2713 929 2752 cum
957 2689 1024 2752 Deo
1052 2691 1198 2772 suscipere

64 2788 114 2832 uon
137 2773 290 2849 dubitent,
313 2775 381 2854 quia
400 2790 450 2834 eos
470 2773 591 2834 obdurat
610 2773 686 2834 ebria
706 2775 857 2834 securitas:
882 2779 911 2833 et
930 2789 1031 2832 eorum
1050 2770 1198 2830 socordiae

65 2851 158 2913 callum
184 2853 310 2914 obducit
331 2853 509 2915 voluntarius
535 2861 581 2914 etn
604 2873 651 2927 or,
676 2853 745 2913 dum
764 2860 794 2914 et
813 2853 921 2933 seipeoe
940 2857 971 2910 et
989 2849 1086 2909 Deum
1105 2849 1196 2926 obliti,

64 2939 222 3012 sequuntur
247 2952 419 3030 quocunqne
442 2933 565 3016 impellit
582 2873 684 2994 libido.
723 2929 806 2992 llane
830 2949 930 2990 eorum
949 2929 1039 2992 furori
1057 2929 1196 3009 optimam

65 3010 117 3071 lere
132 3012 310 3075 medicinam
321 3013 398 3088 dicut,
417 3013 585 3096 nesmpliue
594 3019 723 3094 peccent,
742 3013 857 3072 eiaeno
868 3015 985 3069 veterno
995 3009 1197 3088 expergefacti,

66 3095 163 3154 moneri
199 3111 234 3153 ac
249 3093 390 3174 trepidare
405 3093 554 3176 incipiente
575 3093 634 3176 acui
649 3091 770 3165 diceret,
797 3087 969 3170 simulatque
986 3095 1132 3186 torporem
1148 3107 1196 3148 ve·

65 3177 145 3232 rtrum
154 3179 192 3234 et
206 3173 392 3234 indolentiam
406 3173 599 3248 excusseritis,
613 3175 652 3232 ita
667 3171 717 3232 liet
731 3177 763 3233 ut
772 3169 893 3231 resideat
903 3168 1038 3250 pecearmr
1047 3165 1195 3250 cupiditas.

66 3247 122 3312 lieo
144 3254 229 3313 euim
248 3251 331 3312 bonis
350 3272 385 3313 ae
403 3253 578 3336 timplicibus
597 3253 710 3313 molesti
729 3259 795 3314 sunt
814 3249 908 3330 impii,
927 3255 1076 3330 tantasque
1096 3247 1194 3308 turbas

65 3333 199 3408 excitant,
224 3333 292 3414 quia
312 3351 409 3394 secum
428 3333 512 3393 nimis
531 3338 598 3394 sunt
615 3335 719 3414 pucati.
756 3331 861 3392 Postea
890 3324 1024 3391 admouet
1043 3336 1076 3388 ut
1096 3317 1193 3390 sebum

65 3415 195 3473 innubili
208 3415 378 3496 loquuntur,
392 3413 449 3472 boc
459 3419 511 3486 eet,
519 3414 549 3473 in
561 3415 628 3488 otio,
638 3420 666 3472 ct
676 3413 757 3494 quasi
766 3413 795 3471 in
805 3413 864 3471 alto
874 3424 986 3470 rcecseu
996 3413 1118 3470 rationes
1128 3411 1194 3470 sub·
1272 3475 1277 3486 ¹
1330 3402 1333 3411 ¹

67 3489 179 3554 mount:
205 3491 285 3631 quud
310 3493 467 3574 opponitur
488 3493 688 3574 intempcpauti
712 3493 841 3576 ipsorum
864 3489 980 3550 fervori.
1009 3489 1136 3559 'laudem
1157 3494 1192 3550 si·
1253 3493 1256 3501 “

65 3567 179 3633 lentium
197 3573 218 3632 il
231 3573 254 3631 ie
273 3573 419 3654 praecipit.
447 3570 612 3634 Notandum
630 3591 700 3634 vero
715 3579 768 3650 est,
787 3573 871 3632 buius
882 3569 988 3632 silentii
1001 3589 1116 3634 causam
1131 3591 1193 3632 esse

69 3657 171 3712 motum
189 3651 239 3712 vel
257 3651 475 3733 trepidationem
495 3655 575 3714 cuiue
594 3673 687 3736 nuper
700 3653 838 3714 meminit.
862 3647 936 3710 Nam
950 3652 974 3710 si
988 3671 1060 3730 quos
1075 3652 1111 3711 ud
1126 3671 1192 3732 peo-
1317 3691 1324 3698 -

70 3729 181 3792 mudum
190 3731 318 3812 abripuit
326 3731 490 3813 phrenetica
498 3733 651 3808 temeritas,
662 3733 719 3792 boe
733 3731 903 3819 principium
917 3735 961 3788 est
975 3732 1082 3792 reditus
1096 3732 1131 3790 ed
1148 3751 1191 3790 su-

69 3827 127 3872 mn
135 3817 270 3884 mentem
280 3831 312 3872 se
325 3825 402 3873 exso
423 3831 472 3873 ore
478 3813 849 3896 expergeluoereadmetnm
859 3816 889 3872 e's
897 3815 1042 3872 temonem.
1053 3811 1190 3890 Sequitur
1221 3865 1226 3876 ,

72 3888 158 3984 deiude
176 3891 336 3972 composita
350 3833 510 3954 meditatim
530 3899 592 3956 tum
607 3895 728 3954 volvunt
738 3911 772 3953 ac
782 3889 934 3953 revolvunt
945 3909 1003 3970 quo
1020 3910 1049 3950 se
1062 3893 1188 3987 proiece-

71 3976 131 4030 rntt
148 3973 187 4032 ita
204 3971 321 4032 demum
336 3973 387 4054 qui
402 3971 473 4033 nibil
487 3973 567 4056 prius
582 3993 642 4034 non
656 3971 807 4048 audebant,
826 3969 1069 4031 discuutmodestu
1084 3989 1146 4030 esse
1156 3989 1190 4029 ac

72 4049 148 4127 quieti
164 4051 266 4112 saltem
285 4069 408 4114 vesanos
427 4071 495 4114 suos
515 4054 638 4134 impetus
657 4057 852 4133 compescunt.
873 4051 972 4133 loqui
984 4065 1072 4132 super
1086 4051 1203 4126 caedite,¹

71 4145 102 4186 tx
117 4131 258 4193 cummuni
275 4151 331 4192 nm
349 4139 435 4194 etex
456 4133 573 4194 orientia
592 4131 701 4194 dictum
719 4139 772 4193 est.
811 4131 925 4191 Scirum
945 4132 1033 4203 euim,
1058 4129 1127 4190 dum
1146 4131 1187 4190 in·

73 4208 151 4270 leudiu
167 4229 318 4274 vocamur
336 4211 410 4272 inter
429 4153 571 4286 domines,
588 4231 687 4272 senem
701 4213 791 4294 magis
805 4208 936 4272 ffistrahie
962 4209 1061 4270 deinde
1076 4210 1188 4290 saepius

73 4303 206 4370 paperem
227 4289 293 4352 lieri
315 4291 453 4352 indidem
471 4291 508 4352 ab
520 4298 645 4368 „externa
661 4293 771 4374 ¹specie:
795 4297 896 4352 contra
914 4289 1037 4350 solitudo
1056 4305 1110 4350 nos
1129 4309 1188 4351 ma·

75 4367 241 4444 Μαΐου
259 4369 362 4432 reddit.
390 4369 513 4451 Deinde,
530 4391 590 4432 nou
609 4370 817 4454 obstatpndor
835 4371 906 4452 quin
919 4388 986 4430 uere
1001 4370 1122 4451 quiaque
1137 4392 1189 4436 sua
