2818 4886
138 247 210 306 ,30
402 209 431 302 ,¹
603 243 891 318 nusuysnus

177 369 256 446 Deo,
271 386 330 430 non
350 367 446 430 iamed
465 368 570 430 lemn-a
587 367 694 428 tareni
713 365 813 428 iudiois
832 367 987 430 lunamve
1067 369 1105 444 it,
1124 374 1159 430 ui
1176 387 1231 451 pro
1251 389 1313 432 ana
1404 359 1405 428 1

179 451 248 511 dolo
264 456 366 520 nonno
374 448 518 530 ,paulatim
531 467 663 527 amanam
672 448 733 508 eius
743 447 950 528 providentium
964 463 1021 528 app
1089 447 1219 522 udamus,
1239 467 1314 531 qnae
1404 441 1405 504 1

178 531 273 598 suidas
293 545 377 590 nuso
395 535 496 588 nostro
514 529 625 608 ooneipi
639 545 696 586 non
707 531 809 606 potest.
828 527 931 608 Atque·
943 529 1051 586 utinam
1071 523 1130 588 lane
1148 547 1242 626 nsque
1261 549 1315 590 noa

178 609 300 670 dedueat
318 609 388 668 haee
406 607 542 688 loquendi
567 609 655 681 mtto,
685 615 727 666 nt·
743 605 883 688 diseamus
908 625 961 668 nes
986 608 1074 666 eitam
1094 607 1130 666 ad
1149 603 1205 668 Des
1224 607 1315 669 tritan-

179 689 227 749 nal
246 705 280 747 ao
298 687 380 746 nobis
399 694 544 767 torporem
563 688 688 747 enuntiat
704 681 774 746 liaeo
787 687 934 758 sententia,
954 686 1022 746 dom
1039 683 1093 746 sibi
1106 687 1317 748 delinia‘smua·

180 769 233 827 due
252 767 327 839 iaoit,
347 785 381 826 ao
398 767 510 848 reprobi
530 785 582 827 sna
602 767 649 827 vel
667 765 806 838 socordia,
825 765 872 826 vel
892 765 1053 846 hypocrisi,
1073 767 1120 826 vel
1138 767 1316 850 impudentia

200 853 296 908 eoeata
321 865 372 906 sua
397 847 550 928 sepeliunt,
579 852 609 907 et
637 847 801 905 eaeeutismt
828 847 859 904 in
889 847 1045 928 temulenta
1070 857 1122 906 aaa
1166 849 1316 920 ervieao'm

179 869 276 986 licum
296 933 392 986 tamen
411 946 427 985 e
447 927 528 986 eoelo
550 927 722 1008 prospicere.
748 930 805 986 An*
818 934 858 985 att
877 933 928 1008 qui
953 927 1105 1005 intelligat.
1178 927 1223 986 uia
1248 927 1318 986 lsino

66 1014 73 1029 “
181 1003 285 1086 pendet
298 1006 380 1064 'bene
405 1013 434 1066 ei
458 1008 530 1065 inste
553 1005 668 1072 vivendi
693 1005 779 1078 ratio,
800 1012 836 1064 ut
860 1001 923 1064 luee
948 1005 1147 1084 intelligentiae
1171 1020 1316 1086 regamur,
1404 995 1405 1056 l

180 1088 289 1144 meritu'
303 1085 395 1144 David
416 1087 496 1145 initio
516 1083 636 1160 Psalmi,
656 1085 804 1144 stultitiam
823 1083 922 1144 docuit
944 1086 1155 1146 esae=omnium
1175 1087 1318 1146 socierum
1404 1085 1405 1118 1

181 1166 318 1238 radicum,
344 1173 372 1224 ot
396 1165 543 1225 hocloco
566 1164 740 1246 integritatis,
756 1171 786 1223 et
810 1171 905 1224 restae
929 1165 1004 1223 vitae
1022 1165 1178 1224 exordium
1202 1184 1220 1224 a
1246 1182 1319 1225 sana

179 1239 277 1304 'monte
297 1246 370 1304 iacit
410 1244 473 1305 Sed'
488 1248 555 1324 qnia
574 1261 725 1326 perperam
745 1243 837 1302 maier
855 1260 922 1324 para
942 1241 1189 1324 ingeniumsaum
1209 1245 1246 1304 ad
1266 1263 1318 1304 ra·

182 1326 284 1384 isitiem
304 1326 436 1404 oppilent,
453 1327 590 1384 eduinus
611 1326 678 1406 post
685 1323 781 1382 David
798 1340 897 1384 veram
916 1320 1129 1404 intelligentiam
1140 1323 1238 1384 delinit
1256 1343 1320 1384 nne
1404 1381 1405 1402 1

183 1404 280 1476 vertetu
300 1423 400 1484 nempe
418 1406 444 1463 si
464 1405 609 1483 quaeritne
628 1403 721 1463 Deua:
748 1423 808 1482 qun
827 1401 965 1485 signifieat
984 1419 1042 1462 non
1061 1403 1145 1462 «anter
1164 1403 1255 1484 praba
1274 1405 1318 1464 vl·

182 1491 240 1542 tam
260 1481 369 1543 institui
388 1501 480 1565 posse,
499 1485 554 1544 nisi
573 1484 701 1544 homines
721 1501 752 1542 se
771 1489 848 1542 totos
868 1481 933 1543 lieo
945 1481 1087 1562 adnisam.
1126 1480 1253 1560 Quidam
1273 1484 1317 1542 ni-

183 1565 238 1622 mis
262 1565 390 1635 resudete,
412 1565 553 1644 ascipiunt
570 1580 681 1623 'nomen
707 1533 839 1631 ι11311111
868 1579 957 1642 quum
982 1563 1010 1620 in
1031 1577 1133 1642 ganeae
1151 1565 1318 1648 pronuntiet

183 1640 278 1701 David
298 1643 375 1701 omni
393 1644 503 1702 ratione
522 1649 552 1704 et
571 1643 675 1706 iudicio
695 1643 832 1722 reprobos
852 1661 969 1722 prorem
978 1641 1100 1700 destitui.
1123 1648 1253 1726 quisqu
1268 1665 1317 1704 re·

127 1753 129 1762 ι
183 1731 276 1782 osseis.
315 1719 442 1782 Verbum
462 1727 516 1790 'to
536 1724 652 1802 qnidam
672 1721 789 1782 Foetere
808 1729 939 1788 vertunt,
959 1728 991 1782 ut
1011 1721 1143 1801 proximo
1163 1721 1252 1782 vendo
1269 1739 1315 1782 re·

183 1801 335 1882 spondeat,
360 1801 448 1881 qnod,
461 1801 599 1867 Hebraeis
622 1807 668 1861 est
690 1799 840 1861 Putridnm
864 1796 947 1898 deri..
978 1798 1037 1860 Sed
1062 1801 1140 1896 nullo
1165 1803 1316 1862 moesaitas
1404 1845 1405 1858 ,

178 1879 453 2034 iniltttt,
463 1881 612 2020 ‘ittet
613 1879 1320 2048 ”13(111.ῗ’“11ἶ1.1“111110111,11111131
1404 1937 1405 2006 ³

183 2042 249 2112 sint,
269 2039 315 2098 vel
335 2039 435 2120 procul
456 2035 622 2122 recesserint
641 2058 659 2099 n
678 2037 757 2099 Dens
780 2047 880 2120 postea
905 2041 997 2100 notati
1016 2039 1152 2100 foetidam
1170 2046 1319 2122 eorrupto-
1404 2059 1405 2082 1

182 2120 239 2178 lam
258 2119 287 2178 in
307 2126 368 2177 tota
387 2137 487 2178 eorum
506 2120 578 2180 vita:
599 2120 680 2198 siouti
700 2125 846 2199 apostatae
865 2119 936 2178 nihil
960 2119 1014 2178 nisi
1032 2119 1179 2199 putridum
1197 2139 1212 2178 s
1234 2119 1241 2136 ⁸
1275 2126 1318 2180 nt

182 2196 220 2258 Et
239 2197 358 2258 verbnm
379 2197 549 2256 Hebraieum
573 2193 679 2277 ubique
703 2197 763 2258 iere
786 2200 816 2258 in
845 2198 902 2258 hoe
930 2217 1015 2258 seusu
1044 2200 1165 2279 eapitur.
1236 2199 1319 2259 sindo

183 2277 298 2336 Psalmo
318 2281 366 2339 53.
386 2280 503 2356 ponitur
520 2277 639 2338 verbnm
659 2283 707 2344 20
727 2279 805 2359 qnod
825 2278 901 2338 idem
920 2279 1005 2358 valet.
1044 2275 1078 2338 ln
1101 2297 1227 2352 summa,
1253 2297 1320 2358 pro-

185 2353 296 2416 n'uutiat
315 2355 410 2416 David
427 2358 470 2416 sio
490 2375 589 2416 omnes
608 2357 688 2438 togis
707 2357 909 2438 cupiditatibus
929 2354 1015 2416 inisse
1033 2357 1176 2438 abreptos,
1195 2365 1227 2418 nt
1248 2357 1320 2420 nihil
1404 2351 1405 2432 1

184 2438 212 2496 in
233 2455 333 2495 eorum
356 2438 411 2495 vita
431 2439 572 2496 sincerum
592 2438 638 2496 vel
658 2439 799 2515 integrum
818 2445 939 2498 maneat.
956 2503 959 2511 1
980 2435 1059 2498 liaeo
1083 2443 1127 2496 est
1151 2438 1320 2498 universalis

185 2517 313 2586 delectio,
334 2529 406 2596 quae
427 2517 541 2596 omnem
562 2517 694 2596 pietatem
713 2519 862 2598 extinguit.
883 2511 1044 2577 Pomonon
1063 2523 1173 2598 partem
1192 2517 1320 2597 aliquam

184 2595 323 2654 duntaxat
348 2597 522 2676 perstuduit,
547 2595 596 2655 sed
622 2614 721 2656 omnes
765 2601 850 2656 ariter
872 2597 907 2656 in
925 2597 1046 2657 enntlem
1066 2597 1179 2656 ooniieit
1197 2606 1320 2657 matum.
1404 2619 1405 2652 i

184 2675 249 2734 lloo
272 2693 341 2732 vero
366 2617 530 2760 detesinllila'
554 2682 717 2755 portentum
741 2617 809 2752 lesit,
834 2685 933 2764 omnes
952 2676 1085 2736 Abrahae
1104 2675 1193 2750 titios,
1217 2678 1321 2756 quiin

185 2773 293 2814 sacram
309 2753 366 2814 Dei
386 2755 525 2835 peculium
547 2755 629 2814 electi
649 2761 738 2828 erant,
758 2773 775 2814 a
817 2757 887 2816 rimo
907 2757 943 2815 ad
963 2753 1095 2815 ultimum
1116 2756 1156 2814 sie
1174 2775 1238 2815 ease
1256 2775 1320 2816 eor·

184 2841 293 2914 ruptos.
313 2833 370 2892 Sed
391 2836 535 2913 quaeritur
546 2835 691 2912 quomodo
711 2777 908 2914 exeeplli'unem
917 2833 1001 2895 tollat
1011 2827 1115 2908 David,
1135 2841 1167 2894 ut
1186 2855 1223 2896 ne
1243 2856 1320 2896 nnus
1404 2873 1405 2904 1

185 2914 300 2994 quidem
319 2915 428 2992 integer
447 2911 590 2993 supersiir'
602 2933 692 2994 quum
711 2921 806 2973 tamen
826 2916 912 2995 paulo
932 2921 998 2996 post
1011 2916 1179 2976 mississet
1197 2915 1320 2976 aiilietos
1404 2927 1405 3002 1

184 3001 388 3053 commemoret
406 2995 435 3052 in
454 2992 552 3054 Deum
571 3013 692 3074 sperare.
735 2993 853 3072 Deinde,
873 2996 898 3054 si
916 3012 1015 3054 omnes
1034 2995 1115 3076 impii
1132 3002 1221 3069 eram,
1241 2997 1320 3075 quis·

184 3093 252 3132 uam
276 3073 330 3131 luit
354 3073 401 3132 ille
421 3071 521 3148 lsrael,
547 3077 627 3132 onius
651 3073 778 3134 futuram
802 3074 1026 3154 redemptionem
1048 3073 1193 3154 praedicat
1211 3076 1242 3134 in
1260 3074 1320 3136 fine
1404 3141 1405 3152 1

184 3149 310 3212 Psalmi?
329 3150 390 3210 leno
410 3173 501 3231 quum
518 3153 580 3248 ipae
600 3172 673 3210 unus
692 3159 766 3216 esset
785 3173 802 3220 e
821 3173 947 3240 corpure,
967 3155 1080 3249 populi,
1104 3173 1156 3214 eur
1179 3154 1278 3214 saltem
1300 3175 1320 3215 a

88 3245 91 3262 ⁴
186 3231 302 3310 reliquis
322 3249 352 3290 so
371 3247 430 3289 non
450 3231 575 3311 exeipit?
594 3228 772 3311 Respondes,
783 3231 860 3310 Quia
879 3231 1023 3296 invehitur
1041 3235 1071 3294 in
1092 3233 1321 3294 camalesnhrs.

148 3319 154 3337 ¹
186 3309 240 3370 hae
260 3309 348 3382 iiiios,
371 3309 402 3370 in
425 3329 525 3370 eorum
545 3309 643 3370 ordine
667 3313 805 3391 exiguum
822 3332 932 3385 semen,
960 3313 1032 3382 *uod
1044 3312 1105 3378 ,sibi
1123 3311 1206 3378 Βοη(
1225 3333 1319 3394 segre-
1404 3321 1405 3394 j

187 3396 312 3468 generat,
331 3409 390 3454 non
409 3391 529 3468 censeri„
545 3390 641 3469 Atque
660 3390 820 3472 haeclratio
840 3399 887 3452 est·
903 3412 954 3454 eur
988 3393 1069 3452 aulus
1089 3391 1124 3452 (((1
1135 3391 1219 3452 Rom.
1230 3397 1261 3469 3,
1269 3398 1319 3458 10.
1404 3401 1405 3414 ¹

187 3465 224 3528 ad
247 3471 339 3528 totum
365 3467 520 3528 humanum
545 3489 634 3551 genus
659 3467 794 3530 eitendat
818 3469 893 3531 hane
922 3473 1099 3532 sententiam.
1143 3471 1320 3554 Quanquam
1404 3465 1405 3512 1

189 3549 265 3607 enim
285 3545 381 3607 David
400 3549 548 3608 contusam
567 3549 736 3621 vestitatem,
756 3570 829 3629 quae
849 3551 901 3610 sub
912 3549 999 3612 Saule
1019 3551 1083 3628 suit,
1104 3552 1139 3612 de
1160 3554 1249 3614 loreis
1266 3555 1320 3628 mi·
1404 3555 1405 3566 *

99 3701 104 3710 ‚
189 3628 266 3688 nime
285 3633 380 3711 tamen
400 3627 515 3687 dubium
537 3635 579 3688 esi
598 3627 632 3688 ab
653 3649 687 3689 eo
707 3631 793 3690 tacite
813 3631 935 3690 conierri
954 3651 1021 3691 enm
1039 3629 1096 3691 Dei
1114 3571 1180 3692 fillis
1199 3634 1321 3712 qnioun·
1404 3639 1405 3716 1

212 3725 247 3766 ne
275 3725 333 3766 non
363 3714 430 3766 sunt
458 3693 567 3787 Spiritu
596 3710 727 3788 regenne,
754 3707 806 3770 sed
836 3710 967 3794 feruntur
989 3711 1081 3770 earnis
1105 3729 1174 3772 suae
1195 3711 1321 3792 ingenio.
1404 3735 1405 3794 1

190 3715 316 3863 auidam
336 3787 374 3844 ita
395 3786 519 3859 solvont,
537 3801 595 3846 nou
614 3791 708 3870 urgeri
727 3808 744 3848 a
763 3785 854 3848 Paulo
873 3791 1067 3851 testimonium
1088 3790 1217 3865 Doridis,
1237 3793 1323 3872 qnasi
1404 3795 1405 3878 1

190 3866 308 3925 dixisset
332 3865 632 3928 nstantiunvniosos
651 3887 713 3928 esse
732 3865 861 3929 homines
880 3869 930 3930 sed
949 3873 1073 3950 proponi
1097 3871 1171 3930 hene
1189 3871 1322 3932 similitu·
1404 3893 1405 3926 i

190 3944 304 4014 niuem,
325 3945 404 4026 quod
428 3941 564 4009 Prdeeres
590 3946 672 4006 e'leeti
686 3947 803 4030 populi
817 3943 946 4008 scelerati
965 3949 1083 4010 fuerint:
1102 3971 1140 4010 ne
1158 3951 1263 4011 misum
1283 3953 1324 4012 sit

77 4072 83 4088 ,
189 4025 352 4086 iniustitiam
372 4026 476 4102 passim
496 4035 612 4105 regnare
635 4024 664 4090 ln
690 4028 806 4088 mundo.
845 4027 953 4088 Verum
977 4030 1062 4088 niueis
1088 4030 1189 4111 frigida
1214 4032 1323 4091 solutio

90 4164 94 4180 1
189 4111 245 4168 est:
275 4098 342 4184 quia
366 4103 423 4162 illio
455 4105 570 4164 minime
594 4105 720 4186 disputat
739 4107 845 4166 Paulus
866 4110 958 4187 qualis
977 4111 1013 4168 sit
1033 4111 1123 4169 maior
1141 4111 1321 4190 pars'homi·

189 4202 268 4257 nom,
288 4183 337 4242 sed
357 4183 519 4263 quieuoque
539 4191 637 4264 suapte
657 4187 917 4246 natura'leruntur·
930 4195 959 4248 et
983 4197 1114 4268 aguntur.
1154 4187 1324 4252 Notandum

188 4262 275 4340 igitur
300 4267 357 4334 est,
382 4278 471 4341 quum
495 4281 526 4322 se
551 4269 580 4324 et
599 4265 714 4346 exiguas
734 4265 845 4348 piorum
868 4267 1003 4348 reliquias
1022 4270 1075 4329 toti
1094 4267 1207 4350 populo.
1223 4267 1324 4348 David

65 4401 69 4412 1
122 4349 123 4354 ’
189 4341 325 4433 (ψροιιίῑἲ
353 4338 534 4409 mendesium
562 4347 650 4412 statui
677 4345 826 4407 disemus
850 4347 929 4408 ¹intel·
949 4346 1007 4410 Del
1030 4347 1120 4426 iiiios,
1137 4351 1190 4431 qui
1209 4349 1326 4434 Spiritu
