2854 4886
510 293 557 340 su
580 293 742 339 neuneu
768 295 820 340 ru.
1204 292 1238 350 41
1358 319 1365 334 .

78 417 191 480 Deold
210 417 272 479 snie
291 415 431 478 molestiis
450 419 558 480 exitum
577 417 637 478 deri
657 417 802 500 postulet*
814 417 936 500 ideoque
950 425 1050 481 volum
1065 437 1083 480 e
1097 415 1154 480 dne
1168 437 1238 480 mox

80 501 237 581 seqnitur,
258 504 292 558 ut
301 495 382 556 Dens
395 506 506 560 tenues
518 498 565 556 ret
581 501 704 582 diriget,
724 499 772 560 vel
785 499 918 562 stabiliet.
938 497 1011 560 Nem
1024 502 1134 562 utrovis
1150 501 1237 560 modo

83 579 187 661 leges,
214 595 319 660 perum
339 577 465 638 interest.
498 576 608 638 Sensus
627 581 702 639 euim
722 585 779 654 est,
791 582 837 639 ”ut
855 578 937 640 Deus
956 582 1046 640 iustos
1065 581 1168 640 iniuste
1187 600 1239 662 op·

85 677 190 720 renos
208 657 344 718 restituet
363 663 393 716 et
410 655 521 718 iuloistr
541 664 575 719 nt
594 664 706 722 nonstet
724 677 774 718 eos
798 659 933 720 divinitus
959 662 988 720 iu
1008 679 1061 719 sno
1081 665 1156 720 stulu
1176 679 1236 720 mu·

87 757 170 799 erere.
211 743 296 812 Quin
316 737 449 818 psodm
466 739 568 798 nortio.
603 737 715 819 Copula
736 737 791 798 hoo
810 738 877 799 looo
896 759 955 800 uon
975 741 1071 819 inepte
1091 739 1120 798 iu
1140 757 1238 800 nense·

33 829 43 838 ”
87 819 149 878 lem
178 817 354 898 particulam
378 815 538 876 resolvitur.
575 813 676 898 Neque
695 818 771 876 enim
791 815 909 879 dubium
928 825 972 879 ost
992 821 1061 899 quin
1082 818 1175 878 eddite
1194 839 1238 882 re·

86 895 665 1038 tttt‘tdtwtttllltl
678 895 984 1038 titillent
999 899 1239 1039 iiiiii&

88 1057 180 1128 dese,
205 1057 276 1136 plns
302 1061 398 1114 temen
418 1057 551 1137 exprimit
572 1061 777 1134 quamnim,
807 1055 884 1138 quod
903 1077 961 1118 nou
982 1058 1107 1118 externis
1126 1034 1260 1118 tuntum¹

90 1135 234 1278 iffi
254 1135 597 1274 {milliarii
613 1137 1238 1280 tituil„“ttttffttltttttffl

96 1313 224 1378 ponne,
250 1311 269 1353 e
294 1293 398 1374 quibus
423 1291 570 1375 probabile
589 1301 633 1354 eet
652 1234 724 1354 tiles
742 1295 947 1356 eelnmuiernm
966 1296 1083 1356 nebulas
1103 1237 1240 1358 leiserio

99 1376 201 1457 reign
219 1391 347 1454 speruus,
366 1377 399 1433 nt
417 1375 552 1433 miserem
572 1373 716 1434 bominem
731 1383 865 1458 cogerent
878 1399 932 1438 eor
950 1385 978 1436 st
992 1397 1076 1436 renes
1090 1396 1157 1435 snos
1171 1373 1239 1438 Deo

100 1457 131 1516 in
148 1471 271 1516 nemen
292 1453 404 1513 oller-re.
425 1451 499 1513 Fieri
519 1455 604 1513 etis·
625 1459 719 1534 potest
739 1463 772 1515 nt
790 1455 906 1516 inensos
929 1456 984 1516 illis
1003 1462 1169 1536 praetextus
1189 1476 1238 1516 ex·
1276 1475 1281 1486 ·

100 1535 197 1607 exiet,
215 1533 324 1614 quibus
343 1533 411 1593 estis
430 1531 585 1608 bebebent‚
610 1532 738 1594 homines
757 1531 908 1616 deripere*
927 1531 1062 1596 Ostendit
1079 1537 1155 1596 euim
1175 1535 1241 1595 lieet

98 1614 204 1676 unns·
223 1613 359 1695 pbneum
376 1613 503 1685 nusum,
523 1612 580 1673 hoe
591 1613 696 1672 nullius
712 1633 774 1674 sese
789 1615 940 1675 mommtie
959 1617 1026 1696 quie
1045 1633 1116 1675 mox
1130 1615 1166 1674 ed
1181 1613 1239 1675 Del

97 1693 226 1756 tribnrnl
244 1694 357 1754 venturi
377 1693 443 1766 sint,
462 1693 511 1754 nbi
531 1707 589 1753 non
609 1693 646 1752 de
664 1694 769 1767 titulis,
794 1693 843 1754 vel
862 1701 981 1756 externo
1000 1693 1150 1776 splendore
1170 1713 1240 1776 ope-

97 1793 179 1852 rm,
195 1772 246 1837 nd
265 1772 302 1832 de
321 1771 415 1832 suedie
432 1773 595 1854 integritate
612 1773 667 1868 eqit
685 1775 819 1854 cognitio,
1099 1853 1107 1872 ·
1146 1829 1148 1832 .

106 1851 777 2073 meiieffimmffleffiiffiii
818 1849 1241 2010 ttltbtlttttttt

105 2015 154 2074 vis
172 2013 248 2072 enim
341 2014 347 2028 '
411 2012 448 2072 ed
468 2005 564 2072 Deum
583 2011 717 2087 feramur,
736 2013 831 2084 stetim
851 2011 983 2089 labescit*
998 2012 1045 2071 rel
1064 2013 1101 2072 ud
1120 2013 1237 2094 lengun·

102 2113 169 2154 rem
188 2093 303 2152 inclinet
322 2093 408 2152 erdor
426 2099 537 2167 noster,
557 2092 611 2150 uisi
630 2091 707 2152 vires
724 2113 816 2154 novus
835 2093 957 2174 colliget
989 2090 1066 2172 Ergo
1086 2097 1121 2152 ut
1139 2093 1241 2153 endem

99 2179 203 2234 tenore
220 2189 322 2253 preses
341 2191 408 2232 sues
426 2173 573 2232 nontlnuet
592 2168 696 2246 David,
715 2175 868 2234 sententies
888 2173 940 2233 sibi
959 2191 997 2234 ex
1017 2174 1162 2232 eommuni
1201 2175 1240 2232 ie·

101 2252 171 2312 teth
188 2252 321 2312 doetrlos
338 2271 373 2312 sn
392 2269 501 2333 gerens,
525 2249 611 2312 tidem
631 2269 711 2312 suem
731 2252 810 2313 fovet
828 2259 917 2334 etque
935 2254 1021 2314 etiem
1040 2254 1156 2312 excitet.
1180 2191 1240 2311 bi-

38 2377 42 2384 .
101 2333 141 2392 ὤ
157 2339 266 2408 emen,
285 2333 354 2414 quie
399 2349 450 2391 ens
467 2339 563 2393 rectos
582 2333 671 2405 eorde
679 2335 793 2414 fervat,
814 2351 845 2394 se
859 2333 920 2393 eins
934 2331 1077 2430 praesidio
1092 2333 1160 2391 selis
1175 2351 1238 2391 mn·

99 2413 194 2472 nitmn
214 2431 288 2472 esse
303 2411 396 2472 ·Unds
415 2413 552 2492 seqnitur,
572 2417 650 2470 reete
669 2411 721 2471 sibi
740 2411 828 2472 fuisse
847 2429 1002 2496 consonum.
1015 2409 1123 2488 'Quum
1143 2417 1240 2472 eutem
1268 2447 1270 2462 ι

97 2511 158 2552 non
181 2493 277 2552 inetos
296 2492 474 2572 simpliciter,
499 2491 549 2551 sed
568 2495 661 2552 reulus
681 2491 767 2552 eorde
786 2491 863 2570 dieii,
883 2491 997 2556 videtur
1015 2491 1052 2550 ed
1071 2491 1189 2552 interius
1207 2491 1240 2550 il·

8 2585 9 2590 ’
96 2571 148 2635 lod
167 2572 268 2632 sordis
285 2577 318 2632 et
335 2590 436 2632 murm
455 2581 576 2631 exemen
595 2573 744 2654 respirem.

174 2656 234 2714 12:
248 2654 485 2712 &eoadem
506 2651 563 2712 Alii
573 2649 679 2730 legunt,
690 2649 1241 2730 DensindexinstneetDeusiresnitnr

96 2731 240 2815 qnotidie.
276 2729 570 2812 Quanquem'entem
594 2729 673 2792 buno
693 2751 814 2870 quoqne
837 2748 953 2793 sensnm
972 2731 1059 2792 verbe
1077 2731 1241 2806 admittunt,

95 2814 166 2894 quie
192 2819 295 2872 temen
319 2812 350 2872 in
373 2813 468 2894 priore
491 2811 603 2892 plenior
625 2818 669 2872 est
713 2813 836 2887 ontrine,
865 2811 987 2872 libenter
1009 2829 1076 2871 eum
1102 2817 1241 2890 sequutus

95 2913 178 2954 sume
201 2893 288 2952 denti
308 2898 340 2952 et
357 2891 525 2951 doctissimis
545 2889 706 2970 quibusque
720 2893 810 2972 ineps
824 2890 941 2972 proberi
955 2889 1055 2949 videos
1075 2889 1147 2949 eddo
1203 2889 1241 2950 od

8 2979 10 3036 l
95 2975 131 3034 ed
149 2977 340 3054 praesentem
359 2989 474 3032 oenum
494 2969 594 3029 melios
614 2971 743 3051 quadret.
774 2969 852 3048 Qute
871 2971 948 3030 enim
966 2968 1026 3029 hoo
1044 2971 1105 3030 snie
1124 2909 1241 3030 rubidi·

8 3075 10 3104 :
98 3056 149 3115 etis
171 3053 275 3134 adepti
294 3058 376 3112 orent
393 3051 464 3111 Senl
482 3051 647 3124 et'similes,
666 3049 855 3118 ntDevidem.
870 3056 949 3111 totns
968 3047 1029 3108 lese
1048 3047 1173 3130 populns
1193 3047 1242 3108 de·

8 3157 9 3170 *
97 3138 229 3207 moeret,
260 3131 316 3191 ben
340 3150 452 3191 senne
476 3149 527 3210 sps
552 3130 616 3210 pius
635 3131 681 3190 vir
699 3135 853 3206 sustentet,
883 3127 968 3226 qnod·
981 3127 1077 3202 Dens,
1105 3126 1191 3186 rebus
1210 3127 1242 3188 in
1369 3146 1373 3155 ¹

96 3213 212 3274 mundo
234 3210 376 3285 eoeleste,
395 3211 531 3271 discernit
548 3217 645 3270 temen
663 3211 738 3270 inter
751 3211 841 3270 iustos
855 3215 885 3270 et
898 3227 1012 3290 emptos.
1032 3207 1133 3288 lteqno
1146 3225 1163 3266 e
1178 3225 1241 3288 per-

96 3295 194 3354 versis
218 3291 369 3352 bominum
393 3291 502 3352 indietis
526 3290 562 3350 ed
582 3309 649 3352 enm
668 3296 808 3370 provooet
827 3291 878 3370 qul
896 3289 957 3350 ulli
975 3307 1124 3370 unnqnem
1137 3293 1242 3370 potest.
1325 3300 1327 3308 ¹

98 3372 263 3452 Qneeritur
280 3378 376 3432 temen
396 3368 542 3452 quomodo
562 3370 758 3451 quotidianum
778 3371 915 3430 iudininm
934 3367 1000 3430 Deo
1019 3368 1141 3454 tribneq
1155 3387 1243 3448 quem

97 3454 236 3514 videmus
256 3469 364 3533 poenes
383 3452 413 3510 in
432 3451 548 3528 longum
567 3457 682 3531 tompne
701 3469 786 3532 soepe
800 3449 921 3510 differre.
951 3447 990 3509 Et
1002 3457 1079 3510 certe
1093 3446 1243 3528 Scriptum

98 3553 160 3594 non
189 3532 243 3592 ebs
267 3549 299 3591 re
322 3532 384 3591 eius
406 3533 615 3601 ueeqoovpnav
635 3531 791 3608 preedieet,
814 3529 864 3590 ssd
884 3549 1049 3610 quenquem
1067 3547 1126 3588 non
1146 3530 1242 3588 stetim

99 3615 208 3674 iudio‘us
228 3629 281 3671 soe
300 3612 474 3690 exsequitur,
494 3613 561 3692 quie
579 3611 689 3670 nubum
709 3618 824 3690 tempus
843 3616 895 3682 est,
915 3611 974 3668 imo
983 3608 1080 3668 nullus
1090 3607 1149 3667 dies
1160 3627 1241 3688 pree-

100 3693 182 3766 terii,
200 3711 261 3772 quo
281 3711 340 3750 uon
351 3683 434 3750 certis
448 3689 623 3751 dooumentis
638 3689 749 3771 probet,
769 3707 843 3770 quse
858 3689 993 3769 permiste
1006 3689 1111 3748 suntin
1123 3689 1241 3762 mundo,

103 3791 120 3832 e
143 3792 181 3832 se
200 3771 336 3831 diseerni=
360 3769 452 3830 lixum
475 3769 532 3830 hon
551 3777 660 3844 menet,
684 3788 831 3849 nunquam
851 3787 919 3828 eum
937 3767 973 3826 eb
994 3767 1089 3828 offioio
1109 3787 1163 3826 suo
1183 3786 1242 3828 oes-

102 3871 178 3912 ssee.
213 3847 355 3931 Quinquis
379 3851 455 3909 enim
479 3851 579 3910 oeulos
605 3849 716 3908 ettollet
741 3849 776 3908 ed
797 3841 1033 3916 considerandum
1053 3848 1152 3907 mnndi
1171 3847 1242 3925 reqi-

103 3951 183 4006 nmn,
202 3931 281 3992 clere
299 3929 415 3998 videbit,
435 3929 598 4010 petientiem
608 3927 664 3988 Dei
684 3929 769 4008 louge
788 3949 805 3988 e
826 3929 1004 3988 conniventie
1019 3927 1143 3988 differe:
1165 3934 1254 4000 nerle,

103 4010 203 4073 fideles
224 4011 260 4072 de
279 4011 327 4071 dio
345 4010 376 4069 in
396 4009 471 4071 diem
490 4011 527 4073 ed
546 4029 613 4070 enm
626 4007 771 4091 huupide
791 4007 963 4090 confugient

191 4209 249 4279 13.
272 4209 342 4278 Nisi
371 4211 545 4280 conversus
571 4209 681 4294 luerit,
708 4207 847 4300 glediunr
874 4231 977 4296 enum
998 4217 1104 4302 ennete
1137 4230 1244 4275 ereum

109 4339 208 4387 mum
228 4317 376 4404 tetendit,
397 4315 511 4386 direxit
531 4316 635 4395 illum
680 4316 734 4385 ll.
761 4315 805 4385 Et
824 4315 854 4384 ei
881 4312 1003 4408 pererit
1029 4335 1105 4383 vsee
1126 4315 1247 4396 mortis,
