2726 4888
411 229 645 280 iernen.
672 230 777 274 uxrur.
842 262 845 276 ,
1097 219 1153 292 505

41 357 129 416 arios.
173 352 250 418 Nem
278 373 369 435 quum
399 353 442 416 in'
455 352 617 436 melonibus
640 353 812 437 qmbusdam
836 353 1019 418 arborescsnt
1041 357 1153 438 minori,

39 437 55 496 el
77 434 321 516 saltemligneam
341 433 545 496 firmitudinem
565 433 894 514 contrabant,solebsnt
912 437 979 498 inde
998 439 1150 499 conlieffa-

39 517 83 575 ila.
103 512 218 574 Scimus
236 522 333 576 autem
353 511 513 576 Orientales
532 511 763 596 populosissima
783 522 816 575 ut
834 515 992 596 plurimum
1010 517 1148 578 meelate·

39 616 53 654 s
80 595 112 654 in
137 593 263 674 proeliis.
302 591 397 656 Vocat
422 593 524 654 deinde
547 595 664 656 tardem
687 595 735 658 vel
754 590 966 656 multitudinem
985 606 1156 674 teserem*

39 671 196 734 nculenbae
214 689 309 734 caum.
342 670 517 754 Quanquam
536 674 613 734 enim
633 677 775 747 Βῆᾓξι
796 673 930 736 dicuntur
949 674 1086 738 Hebraeis
1106 697 1153 740 ra·

39 757 102 814 rati:
128 753 196 834 quis
221 759 318 814 tamen
341 753 379 814 ad
403 759 501 814 tauros
520 753 689 814 transfertur
707 753 765 814 boc
788 773 910 830 nomeu,
934 761 967 816 ut
991 755 1057 816 alibi
1082 757 1173 817 νιιιί-ι

39 854 91 909 ns,
110 839 141 892 et
159 834 296 894 continuo
315 838 383 912 past
401 831 513 892 subiicit
524 829 618 892 David
637 834 746 894 υιιιιὶοι
759 836 951 916 popsdorons,
971 853 1030 896 nan
1052 835 1153 898 dubito

39 915 82 972 rin
102 911 295 994 metaphorice
313 913 486 992 perstringat
505 911 631 972 hostium
651 911 791 974 feritatem
809 927 847 974 ae·
859 915 1019 998 saevitiam:
1040 917 1088 976 vel
1098 915 1168 976 sal--

39 1013 72 1052 m
90 1011 191 1052 eornm
211 993 287 1051 sires
306 989 457 1066 extollens,
476 990 598 1052 fateatur
617 991 757 1052 Israeliten
776 993 899 1074 impares
918 993 953 1054 ad
965 995 1155 1058 resistendum

41 1093 89 1144 re,
115 1063 169 1130 nisi
193 1071 329 1130 divinitus
353 1069 475 1130 adiutae
514 1069 684 1132 Proximum
707 1069 868 1134 membrum
891 1071 1076 1154 ambiguitate
1094 1096 1155 1138 non

39 1159 105 1226 rret,
129 1152 293 1212 nabentem
317 1158 350 1210 to
373 1151 483 1230 sicutte
503 1159 632 1233 argenti.
649 1156 740 1222 -ῦῇἾ
761 1149 897 1212 Hebraeis
917 1153 1028 1214 calcare
1046 1154 1155 1251 eipmli·

39 1240 73 1292 rt:
98 1231 149 1290 sed
172 1232 241 1310 quis
259 1231 290 1290 in
311 1231 511 1309 coniugatione
521 1229 657 1312 flammat
676 1227 725 1290 bic*
742 1233 869 1312 positum
890 1239 959 1310 eet,
980 1236 1087 1296 resolvi
1106 1235 1155 1296 de·
1251 1247 1257 1258 “

39 1319 62 1371 :t
81 1311 117 1370 sd
138 1311 267 1384 rmbnm,
287 1305 348 1387 Qui
366 1328 399 1370 ae
418 1309 528 1370 calcare
547 1311 629 1370 facita
649 1307 728 1391 quod
747 1311 783 1371 de
803 1311 972 1394 gloriatione
991 1313 1155 1376 veliaetau·

39 1411 52 1452 s
74 1390 192 1470 quidam
210 1389 362 1470 accipiunt.
381 1387 441 1450 Alii
460 1389 576 1450 eanum
594 1409 710 1452 sensum
721 1393 1032 1472 praemonstrantem,
1050 1413 1156 1476 nempe
1207 1431 1208 1438 ι

39 1473 95 1530 nod
118 1489 151 1530 se
168 1469 320 1530 humilient
338 1469 451 1544 hostes,
475 1475 562 1550 atque
579 1469 610 1530 in
630 1471 743 1550 siguum
758 1469 943 1556 pubiectionis
963 1473 1083 1534 afferant
1096 1475 1155 1536 frn-
1260 1464 1262 1473 '

39 1571 60 1610 a
83 1549 203 1631 argenti
244 1547 304 1610 Sed
329 1567 468 1629 quorsum
487 1556 598 1630 peteret
617 1548 714 1610 David
733 1543 813 1630 perdi
833 1557 862 1612 et
880 1552 973 1612 excidi
993 1552 1089 1619 hostes
1109 1553 1178 1614 de*

39 1635 122 1705 letes,
148 1629 198 1710 qui
222 1627 317 1688 lraetis
343 1629 445 1688 animis
470 1629 613 1711 supplices
637 1628 778 1692 tributum
801 1631 859 1690 iam
878 1631 1059 1712 pendebant?
1098 1631 1155 1694 lle·

39 1710 156 1770 tondent
179 1709 236 1783 illi,
264 1706 409 1788 Quamvis
434 1727 493 1770 non
518 1709 614 1790 palam
637 1708 776 1770 lerociant
839 1710 850 1768 i
875 1713 961 1771 srmia
980 1714 1060 1772 exuti
1080 1721 1158 1792 eunt,

39 1811 76 1850 nn
95 1797 191 1849 tamen
210 1789 349 1850 leroeiam
359 1786 502 1869 deponere
516 1791 587 1870 quin
600 1807 713 1870 semper
726 1789 763 1850 ad
776 1809 808 1850 re
845 1787 971 1851 bandum
1006 1794 1077 1852 arati
1091 1795 1157 1872 sint,

39 1871 180 1941 raesertim
198 1887 270 1929 vero
288 1865 431 1928 Ecclesiae
450 1865 560 1929 hostes:
580 1869 649 1950 quia
668 1887 781 1951 semper
800 1867 942 1950 virulenta
961 1812 1155 1934 ululaverit:

39 1949 149 2009 nemeis
173 1947 211 2008 ad
235 1955 404 2042 tempusue
428 1949 608 2024 contineant,
631 1949 751 2009 rimulae
775 1947 840 2011 data
863 1956 909 2010 est
927 1953 1056 2028 occasio,
1078 1951 1157 2014 ebul·

39 2037 90 2088 unt
110 2031 140 2088 in
158 2047 268 2090 norum
287 2031 424 2088 iurarem.
444 2027 505 2090 Sed
522 2029 590 2110 quia
608 2029 717 2108 nihilo
739 2048 772 2088 ns
791 2035 835 2090 eet
854 2031 896 2090 aie
914 2035 1049 2111 torquere
1066 2033 1158 2095 verba

39 2107 158 2185 ravidis,
182 2108 271 2168 malm
294 2105 459 2188 simpliciter
484 2111 626 2190 accipere,
650 2049 737 2189 quod
748 2108 892 2170 multene
911 2109 1047 2172 calcando
1067 2111 1159 2174 busta

39 2191 136 2270 rgenti.
176 2185 215 2248 Et
239 2185 302 2248 fieri
328 2193 424 2266 potest
444 2193 477 2248 ut
496 2187 599 2248 fibulas
618 2189 727 2270 argenti
745 2189 776 2248 in
796 2189 897 2250 educis
916 2193 1101 2270 gestaverint,
1127 2199 1160 2254 ut
1215 2240 1219 2249 ,

39 2271 126 2329 :imus
149 2268 179 2328 in
204 2267 322 2350 populis
344 2265 537 2328 Orientalibus
563 2287 676 2348 semper
701 2269 729 2328 vi
750 2269 825 2328 uisse
843 2269 1027 2332 immodicum
1047 2273 1158 2335 lusum.

39 2353 106 2410 erte
130 2347 209 2428 quod
233 2347 366 2428 proxime
392 2350 535 2426 sequitur,
560 2348 637 2408 illam
664 2347 700 2410 de
719 2289 877 2410 abiectione
896 2349 1160 2432 interpretationem

39 2450 77 2490 on
97 2427 234 2502 admittit,
259 2429 371 2508 dissipo
385 2430 515 2508 populos
534 2437 585 2512 put
604 2431 786 2490 dekdootar
803 2430 940 2510 proeliis:
965 2430 1014 2491 ubi
1034 2433 1160 2494 ostendit

39 2513 81 2568 ine
100 2527 186 2568 musa
205 2515 339 2588 expetere
360 2507 432 2566 bella
451 2514 481 2568 et
499 2509 652 2568 tumultus:
672 2516 702 2568 et
720 2509 852 2590 quamvis
870 2529 1016 2571 nemoeoa
1031 2513 1160 2591 lacessat,

39 2591 98 2648 ltro
125 2595 222 2648 ιιιιιιιιι
246 2595 276 2647 et
294 2587 398 2668 cupide
418 2588 529 2666 quietos
549 2589 695 2668 impetere.
737 2587 871 2648 Cetermn
892 2609 982 2670 quum
1001 2589 1097 2652 David
1116 2584 1164 2654 toi

40 2689 73 2730 es
94 2669 196 2744 vietor,
217 2665 297 2742 Deo,
320 2666 420 2726 salutis
440 2685 509 2728 suae
528 2673 556 2728 ct
576 2669 664 2742 totius
683 2667 784 2750 populi
803 2667 995 2729 defensionem
1015 2691 1160 2732 commen·

39 2758 87 2810 et:
112 2747 177 2810 bine
202 2747 345 2813 diaeum
363 2747 479 2806 minime
499 2747 670 2827 operandum
689 2765 751 2808 esse
770 2749 801 2807 in
820 2747 1004 2810 boemundo
1023 2747 1160 2832 tranquil-

39 2819 81 2889 rm
101 2825 244 2888 Ecclesiae
268 2823 386 2888 etatum
412 2829 480 2908 quia
500 2827 619 2886 subinde
639 2827 710 2887 elios
728 2834 815 2908 atque
835 2827 905 2888 alies
924 2827 1023 2890 hostes
1042 2835 1162 2894 suscitat
1223 2879 1228 2890 .
1267 2895 1271 2900 ,

39 2918 130 2970 etan:
149 2906 270 2970 etDeua
290 2909 376 2968 ειὶιιιιι
396 2905 452 2968 boe
470 2907 557 2966 modo
576 2909 741 2988 patientiam
759 2913 888 2968 nostram
907 2917 1022 2971 exercet
1040 2931 1076 2972 ac
1093 2930 1160 2994 pro·

39 2997 80 3050 at.
100 2987 188 3067 Quod
208 2995 304 3053 sutem
323 2993 469 3068 comparat
489 2989 577 3046 tauris
596 2995 625 3047 et
645 2987 751 3062 vitulis,
770 2987 895 3070 dicitque
914 2990 993 3050 bellu
1012 2993 1161 3068 oblectari,

39 3073 66 3129 is
91 3067 186 3130 verbio
209 3068 246 3127 ad
265 3067 513 3128 mansuetudinem
533 3065 664 3128 hortatur
683 3065 791 3142 lideles,
811 3075 844 3127 ut
863 3077 997 3148 paratum
1015 3071 1163 3134 inveniant

39 3150 162 3211 uxilium
186 3149 218 3211 iu
243 3145 323 3212 Deal
357 3145 432 3210 Nam
453 3167 512 3229 quo
532 3147 705 3228 petulantius
725 3155 814 3208 ruunt
833 3147 929 3210 hostes
948 3153 1055 3226 nostri,
1080 3171 1163 3214 suae-

39 3250 81 3290 ue
103 3229 214 3290 libidini
236 3227 372 3288 furiosius
395 3225 559 3308 indulgent,
583 3247 619 3288 eo
643 3229 812 3309 propensior
835 3229 890 3290 erit
914 3228 995 3291 Deus
1020 3231 1057 3292 ad
1076 3252 1162 3314 opem

39 3303 181 3371 modam:
206 3309 321 3389 quando
341 3329 394 3390 pro
416 3310 490 3368 rimu
510 3328 615 3368 munus
634 3313 694 3368 eius
714 3315 767 3384 cst,
786 3315 885 3370 ιιιιιιοι
904 3317 933 3370 et
952 3309 1101 3372 bellicosos
1120 3313 1162 3394 gi·

39 3397 124 3468 putes
149 3389 339 3470 compescere.
380 3327 481 3466 (laum
500 3389 586 3469 igitur
606 3387 731 3470 precatio
751 3387 823 3449 haee
841 3390 926 3450 simul
945 3391 1048 3452 doceat
1066 3391 1163 3456 Deum

39 3471 155 3530 mnibus
166 3469 315 3544 uiolentis,
334 3469 385 3550 qui
403 3467 533 3549 improba
552 3469 706 3550 eupiditate
721 3467 1077 3550 adnoeendumieruutur,
1097 3475 1162 3534 fore

42 3553 188 3611 dremnm:
213 3551 326 3629 quoties
349 3549 454 3609 iniuste
477 3551 656 3630 impetimur,
680 3549 705 3608 si
729 3549 832 3630 quietis
857 3552 958 3612 animis
981 3553 1162 3635 confugimus

41 3631 61 3690 d
86 3649 172 3712 opem
196 3627 268 3707 Dei,
296 3629 437 3712 operanda
460 3627 538 3694 baud
562 3629 646 3690 dubie
671 3627 754 3690 nobis
776 3635 822 3690 est
845 3629 972 3694 bostium
995 3635 1162 3698 nostrorum
1221 3691 1222 3700 ,

39 3711 184 3793 insipatio.

115 3911 170 3980 322
199 3907 336 3980 Venient
367 3911 517 4004 primates
550 3934 591 3981 ex
622 3913 784 4005 Aegypto,
821 3910 990 4006 Aethiopia
1022 3911 1164 3983 celeriter

39 4017 333 4099 trotendetmanus
361 4041 435 4090 suaa
462 4017 504 4088 ad
530 4016 648 4088 Deum.
691 4019 749 4088 33.
777 4017 886 4114 Regna
913 4029 1013 4090 terrae
1040 4015 1167 4090 cantate
1225 4046 1229 4063 ι

39 4127 116 4210 leo,
138 4125 263 4218 psallite
286 4125 438 4196 Domino.
482 4125 589 4198 Saleb.
655 4121 710 4195 34.
737 4125 900 4219 Equitsnti
922 4128 955 4195 in
977 4127 1075 4197 coelia
1097 4152 1166 4198 nos·

39 4255 132 4300 orum
166 4232 371 4324 antiquitatis:
405 4255 477 4304 ecce
510 4235 632 4304 emittet
654 4235 686 4302 in
708 4257 790 4302 vore
813 4255 870 4302 sua
892 4257 1007 4304 vocem
1028 4235 1165 4305 videtis.

39 4341 80 4409 ⁵5.
101 4337 188 4418 Date
215 4339 313 4412 robur
334 4339 407 4414 Deo
430 4366 526 4438 super
544 4339 654 4416 israele
676 4339 904 4438 magnificentia
926 4341 995 4414 eius
1017 4354 1050 4415 et
1071 4341 1168 4413 robur
1287 4409 1295 4420 ,
