2804 4890
569 60 577 101 ἱ
708 50 710 54 ,

484 262 720 378 assessus.
747 295 838 352 ml.
1150 309 1215 370 =227

50 431 167 504 Satan,
188 435 219 491 et
237 427 358 490 tolidem
377 428 515 490 illecebris
540 448 557 490 a
578 428 644 492 Deo
669 431 945 514 avnlat,·apeciern
969 451 1056 493 unam
1076 432 1217 495 duntaxat

51 513 161 572 notari
183 530 201 572 a
221 507 377 590 Propheta,
395 527 577 590 nequaquam
596 509 744 592 probabile
767 517 820 571 est.
861 509 1058 593 Quaecunque
1077 533 1146 594 ergo
1166 531 1215 574 va·

53 611 115 652 naa
137 609 209 672 apes
227 588 312 650 nobis
332 588 477 670 tingimus,
537 607 572 650 ae
592 610 644 650 nos
664 588 751 650 aDei
770 590 875 654 liducia
894 591 1050 664 retrabant,
1070 602 1216 655 venemo
1282 605 1283 617 ¹

53 671 242 752 generaliter
266 669 392 750 appellat
416 667 491 728 Davi
518 712 527 743 ,
557 677 588 730 et
612 669 727 750 quidem
751 669 882 730 falsitatis
900 671 949 730 rel
968 666 1120 732 mendacii:
1148 676 1216 753 quia
1245 730 1249 738 .

52 753 118 813 etsi
141 751 181 810 ad
202 759 317 831 ternpus
336 748 487 830 magnifica
506 751 697 810 ostentatione
720 770 773 809 nus
793 757 923 832 pascunt,
942 752 1057 812 tandem
1077 753 1216 814 deludunt

53 851 94 890 ec
116 832 308 890 trusuanun.
347 829 449 909 ltaque
466 835 589 889 testatur
612 849 643 889 se
662 829 779 890 abiectis
799 829 980 904 vanitatibus,
1001 851 1073 912 quos
1092 833 1128 900 ad
1149 853 1215 914 spes

54 911 119 971 sibi
140 909 323 971 fabricandas
342 909 491 988 imaginari
501 909 631 970 homines
647 911 749 983 solent,
768 911 798 969 in
818 909 912 969 solnm
923 908 1215 973 Deum'recumbere

55 989 146 1068 Quia
167 1009 241 1051 vero
261 1007 319 1050 oon
339 989 427 1048 modo
447 1007 478 1048 se
497 989 619 1070 quisque
637 988 758 1049 inebriat
781 989 928 1049 fallacibus
948 991 1046 1050 mundi
1065 992 1215 1068 illecebris,

55 1070 115 1130 sed
138 1070 192 1130 alii
210 1069 285 1146 alios,
302 1068 459 1150 decipiunt:
480 1068 586 1128 diserta
595 1071 696 1128 amerit
705 1067 849 1152 Propheta
865 1069 917 1129 eibi
931 1071 998 1130 odio
1008 1071 1094 1130 luisse
1113 1091 1214 1132 omnes

55 1152 114 1231 qni
143 1168 179 1210 ae
201 1147 307 1209 talibus
332 1140 484 1208 mendaciis
509 1149 670 1230 implicant:
694 1155 728 1208 ut
753 1156 833 1209 certe
856 1161 1038 1232 summopere
1063 1151 1145 1210 nobis
1168 1151 1213 1212 fun

56 1229 165 1312 giendi
187 1235 264 1303 snut,
283 1229 338 1288 nisi
357 1229 434 1288 ultro
453 1229 576 1288 velitum
595 1229 689 1288 noxiis
709 1247 810 1289 eorum
830 1230 1008 1310 captionibus
1027 1231 1137 1290 irretiri.
1162 1231 1213 1292 se·

57 1309 200 1370 eundum
218 1327 289 1368 vero
308 1308 468 1368 membrum
489 1309 662 1368 coniunctim
681 1309 833 1390 legendum
843 1315 895 1379 ert,
914 1313 1069 1370 inleboco
1088 1319 1214 1392 rpmoui,

59 1392 138 1471 qnia
158 1396 191 1448 et
209 1407 325 1448 cauum
344 1388 403 1448 odii
421 1389 555 1470 assignat,
573 1395 603 1448 et
617 1389 703 1448 simul
722 1394 853 1464 testatur,
872 1409 932 1448 non
942 1389 1023 1450 aliter
1032 1409 1113 1471 apem
1132 1411 1215 1464 suam

58 1469 204 1530 homines
223 1466 290 1528 Deo
310 1468 449 1539 addicere,
469 1469 524 1527 niai
543 1467 580 1528 ab
600 1468 732 1529 omnibus
752 1471 944 1530 avocamentis
964 1469 1142 1530 abhorreant.

147 1551 182 1611 7.
202 1549 378 1609 Einllodo.
416 1546 473 1607 Hic
492 1550 626 1607 inseritur
651 1549 914 1629 gratiarumactio:
940 1567 1104 1628 quanquam
1130 1551 1215 1612 mulli

62 1629 710 1788 writtlttttttttt¹tttut
729 1626 1000 1787 ltlttlttt.
1012 1631 1216 1790 iiiiii?

63 1790 198 1870 ponitur,
218 1789 309 1868 magis
327 1788 357 1846 in
376 1781 455 1846 illam
471 1788 640 1846 seutentiam
655 1786 772 1872 inclino,
790 1805 857 1846 eum
868 1787 989 1867 abrupto
999 1791 1133 1868 precandi
1147 1809 1214 1848 con·
1344 1847 1347 1862 ,

62 1875 155 1928 texta
179 1865 231 1926 sibi
256 1868 366 1927 exitum
384 1867 567 1948 prominere,
593 1866 628 1926 de
648 1885 707 1945 quo
727 1868 833 1946 gratias
852 1867 955 1926 merito
975 1887 991 1926 a
1010 1875 1050 1940 at,
1070 1889 1124 1928 nec
1143 1889 1213 1930 vere

66 1950 179 2006 miram
197 1952 252 2013 eal,
278 1947 405 2006 diversos
426 1947 545 2004 allectus
565 1947 594 2005 iu
614 1943 736 2004 Psalmis
756 1947 877 2017 misceri,
896 1947 926 2004 in
946 1889 1049 2025 quibus
1068 1955 1128 2007 tana
1147 1967 1213 2008 suus
1239 2005 1243 2010 .

66 2027 243 2086 mntauonee
263 2043 352 2105 qnam
370 2025 437 2084 fidei
455 2027 549 2084 luctas
569 2045 606 2084 cx
628 2027 704 2084 osuit
724 2023 835 2084 Daridr
860 2024 965 2084 deinde*
983 2043 1073 2104 quum
1093 2030 1149 2086 iam
1170 2047 1213 2087 aa·

42 2107 162 2170 ,lutera
181 2107 303 2186 adeptos
327 2107 459 2164 cecinerit
478 2103 534 2164 Dei
554 2045 626 2164 laud

66 2187 222 2268 plectitur:
241 2187 325 2244 siculi
343 2183 390 2244 hic
404 2185 473 2280 dicit
491 2195 652 2282 respectum
660 2186 770 2280 saciare¹
783 2186 983 2279 afflictionem
1001 2208 1086 2245 mom
1106 2186 1213 2262 alluo,

65 2287 127 2407 ii}
142 2271 309 2418 {iffi
328 2263 1136 2422 :itt‘tlottttu‘ffttttilliti,titttltt
1151 2287 1213 2426 iii?

65 2428 126 2488 bns
145 2425 243 2486 verbis
275 2426 359 2484 tacita
384 2423 531 2484 antithesis
554 2423 665 2484 eabeet:
697 2443 788 2506 quum
805 2431 887 2492 ⁸esset
912 2423 1037 2504 undique
1062 2426 1212 2486 conclusus

67 2508 153 2566 dur-is
172 2506 321 2586 angustiis,
340 2503 504 2564 mirabiliter
522 2503 614 2564 aDeo
634 2505 722 2564 luisse
742 2507 880 2584 ereptum.
913 2500 1023 2563 Eodem
1042 2507 1129 2564 etiam
1148 2525 1212 2586 per·

65 2589 144 2646 tinet
167 2585 248 2666 qnod
267 2585 393 2656 additor,
418 2584 504 2665 perles
529 2585 589 2644 eius
608 2585 638 2643 in
656 2582 805 2644 latitudine
824 2583 911 2643 inisse
930 2585 1054 2664 positos:
1074 2587 1142 2665 quia
1160 2605 1212 2648 no·
1282 2577 1290 2590 ’

65 2674 151 2728 tatur
169 2665 264 2725 subite
282 2672 313 2725 et
330 2665 476 2746 inopinata
494 2663 632 2725 mutatio.‘

161 2829 194 2898 9.
217 2827 368 2898 Miserere
389 2829 453 2898 mei
474 2825 602 2911 lehova,
625 2827 698 2920 quia
720 2827 879 2895 tribulatio
901 2827 994 2927 mihi:
1016 2829 1212 2928 computruit

69 2962 148 3030 prae
170 2935 216 3004 ira
239 2935 350 3004 oculus
373 2958 474 3018 meus,
496 2935 600 3002 anima
621 2959 702 3018 moa,
725 2946 757 3002 et
778 2944 890 3002 venter
906 2957 1010 3001 meus.
1055 2935 1106 3003 10.
1130 2935 1212 3022 Quia

69 3045 188 3114 deiecit
214 3066 290 3134 prae
312 3041 425 3111 doloro
448 3042 512 3125 vita
535 3064 621 3125 mea,
647 3051 680 3110 et
706 3041 780 3108 anni
803 3041 866 3108 mei
888 3064 963 3130 prae
985 3039 1118 3132 gemitur
1141 3065 1214 3110 con·

70 3151 148 3218 cidit
168 3149 204 3216 in
226 3171 375 3236 semmua
396 3160 466 3216 mea
489 3146 590 3214 virtus
612 3169 692 3229 mea,
715 3157 747 3215 et
769 3169 842 3214 ossa
858 3170 929 3214 mea
941 3157 1211 3235 computruerunt.

73 3259 126 3324 11.
149 3255 286 3346 Propter
307 3277 419 3322 omnes
442 3253 551 3322 hostes
573 3277 663 3322 meos
680 3253 725 3320 tui
748 3253 963 3344 opprobrium,
985 3255 1079 3322 etiam
1101 3253 1211 3327 ricinis

71 3363 154 3432 meis
176 3361 283 3444 valde,
310 3371 344 3430 et
365 3363 465 3430 terror
482 3361 571 3428 irotia
593 3361 686 3428 mrim
713 3357 910 3430 stridentes
932 3384 984 3428 me
1006 3360 1092 3443 loris,
1113 3383 1212 3430 reces-

73 3479 185 3538 serunt
207 3491 224 3534 a
247 3491 309 3535 me.
338 3468 389 3536 12.
402 3465 562 3534 Oblivioni
577 3465 708 3534 maditus
724 3489 797 3533 sum
820 3467 1055 3534 sicutmortuus
1077 3468 1212 3570 aoordc,

73 3575 184 3648 similis
206 3573 307 3642 iactus
329 3597 402 3641 sum
422 3572 491 3640 vasi
512 3573 686 3642 confracto:
711 3573 763 3640 13.
796 3571 878 3660 Quia
902 3571 1006 3639 audivi
1033 3573 1211 3646 convicium
1267 3627 1273 3640 .

72 3683 264 3752 multorum:
288 3703 390 3771 pavor
410 3679 665 3771 circumquaque,
686 3680 764 3748 dum
786 3678 965 3748 consultant
986 3679 1082 3748 simul
1102 3691 1211 3750 contra

72 3813 137 3874 me,
158 3801 193 3858 et
214 3789 255 3856 de
277 3787 427 3879 capienda
449 3783 553 3854 anima
574 3809 646 3854 mea
668 3787 814 3878 cogitant

153 3937 185 3998 9.
203 3935 350 3994 Miserere
368 3941 425 3994 met
440 3935 561 3993 Ielruvo.
592 3928 692 3992 lllultis
706 3932 890 4011 qraerimoniis
909 3929 1064 4010 amplificat
1083 3931 1212 3992 miseriae

73 4033 152 4090 snae,
170 4020 201 4074 el
220 4014 326 4074 dbloris
345 4015 523 4094 gravitatem,
542 4019 576 4071 at
593 4009 690 4072 Deum
715 4012 752 4072 ad
775 4011 997 4072 succurrendum
1022 4013 1131 4070 ilectat:
1151 4028 1211 4070 non

73 4095 152 4176 qnod
172 4093 331 4156 rationibus
350 4094 387 4156 ad
406 4113 471 4154 enm
496 4092 723 4173 persuadendum
748 4111 821 4172 opus
841 4095 887 4169 sit,
906 4092 956 4153 aad
976 4091 1043 4171 quia
1062 4089 1160 4149 fideles
1180 4095 1213 4148 ut

72 4193 156 4236 auras
183 4191 252 4234 suaa
278 4181 448 4245 exonerent,
473 4172 648 4233 familiariter
661 4191 770 4233 *secum
795 4191 878 4254 agere
902 4173 1018 4254 patitur.
1058 4167 1213 4247 Namque

72 4255 203 4336 pluribus
228 4260 367 4335 urgentur
390 4254 487 4326 malis,
513 4252 582 4312 dum
605 4272 640 4314 ea
663 4271 760 4314 coram
779 4251 845 4314 Deo
869 4251 1026 4332 deplorant,
1044 4249 1233 4308 tantundem·

71 4353 103 4396 ae
122 4333 295 4416 erignntad
314 4353 395 4415 spem
413 4332 511 4393 auxilii
531 4333 717 4429 impetrandi.¹
748 4331 811 4394 Etsi
834 4339 930 4394 autern
949 4326 1152 4426 byperbolicae
1163 4328 1212 4422 pi·
1234 4365 1238 4375 ι

70 4415 131 4479 dari
150 4420 275 4497 possent
293 4413 485 4538 loquutiocea,
505 4411 907 4556 Darrdilumenpropoaiitppr
926 4409 1013 4472 lusae
1025 4427 1088 4544 non
1103 4406 1214 4484 dubito,

775 4681 798 4724 ἡ
911 4655 917 4670 .

622 2123 669 2177 ee,
690 2105 833 2164 interdurn
854 2103 966 2164 diversa
985 2113 1114 2186 tempora
1135 2111 1213 2172 com·
1318 2139 1321 2148 =
