2730 4882
625 261 915 331 r.cravtsis

439 629 444 642 .
518 564 849 660 asaneus
894 564 1008 634 xuvs
1077 611 1081 617 ,

190 743 254 783 Ans.
274 739 366 783 nares:
378 739 504 794 mltum
517 747 566 782 ease
578 738 646 793 nette,
656 735 734 794 polles
743 749 788 792 pre
802 727 865 780 mes·
881 733 1023 791 liberatione,
1042 750 1107 795 quan
1121 750 1169 794 pro
1184 735 1285 778 dub·
1298 739 1330 779 πα·

274 809 368 865 mllio,
381 824 423 868 pso
437 823 518 865 ωηεν
530 813 613 852 semen
626 805 741 850 sostenen
753 811 841 850 mutas
853 813 896 849 est.
911 805 1023 862 chillgm
1034 809 1091 851 ent·
1103 807 1169 860 ttae,
1183 821 1252 864 qm
1263 809 1330 860 tq*

223 865 229 882 '
269 869 450 937 nees‘pneslsu
464 885 523 922 uses
535 877 684 932 Ierosotm,
703 883 726 919 et
743 875 857 920 Quart
873 877 897 919 is
914 889 996 920 m
1009 877 1151 932 diceri-tas,
1163 877 1249 934 sdan
1257 885 1331 932 praua

273 963 331 1008 qa·
342 949 418 1000 subita
430 954 453 992 et
464 947 562 991 atrabili
573 949 618 996 Dei
630 948 713 998 uirtute
724 953 840 990 mun.
855 947 910 991 uso
923 948 1047 1004 Propino,
1059 949 1165 1006 quiquis
1171 947 1331 1004 [refluat-¹

272 1027 363 1078 uuor,
381 1026 427 1062 ιη
443 1019 528 1073 ως..
541 1019 586 1062 ua
603 1016 726 1072 samaa
738 1018 897 1072 amm,
914 1007 1148 1072 unaarum
1161 1033 1189 1062 a
1203 1017 1331 1072 uratur·

272 1091 319 1144 alu
333 1088 423 1134 mein
435 1089 579 1144 mesae,
591 1102 629 1131 m
642 1087 747 1142 dutum,
760 1101 785 1130 so
796 1087 886 1132 aaron
897 1094 919 1130 et
931 1087 1014 1130 seinis
1024 1101 1079 1130 aus
1087 1087 1177 1130 abdiu
1183 1087 1258 1144 freti,
1270 1095 1332 1130 eure

272 1173 343 1204 anses
355 1157 447 1202 torath
458 1157 563 1214 bullus,
572 1163 680 1214 perpetua
693 1171 717 1200 ss
723 1156 780 1213 sors
792 1157 880 1202 ashes:
893 1158 945 1214 pain
954 1159 1071 1214 μηνίει
1082 1159 1132 1202 eiu
1142 1172 1227 1200 mn
1236 1159 1268 1200 sis
1276 1172 1331 1199 aa

273 1221 345 1274 notes
358 1229 442 1274 sedare.
674 1283 682 1320 Ι

170 1402 176 1417 ·
241 1361 270 1428 l.
294 1357 456 1438 Praefecto
474 1357 611 1428 tiliorum
623 1355 1001 1450 Corae,superAlamoth
1012 1358 1187 1454 cauticum.
1212 1355 1333 1426 2llem

194 1467 287 1536 uobis
309 1463 463 1556 protectio
486 1474 519 1534 et
540 1464 646 1546 robur,
671 1461 824 1532 auxilium
845 1463 879 1534 iu
901 1461 1158 1532 tribulationibus
1181 1463 1332 1532 invenitur

195 1571 296 1644 valde.
342 1571 373 1638 3.
402 1570 574 1664 Propterea
596 1593 662 1638 non
684 1569 867 1638 timebimus
889 1569 966 1637 dum
984 1570 1174 1658 ,movebitur
1199 1581 1292 1654 terra,
1309 1581 1333 1638 et

196 1675 365 1747 concident
385 1685 512 1746 montes
534 1675 567 1742 in
589 1697 645 1744 eor
665 1675 769 1744 maris.
999 1691 1004 1700 ’

278 1851 307 1912 1.
328 1851 425 1944 Super
442 1849 595 1910 Alonoth.
624 1847 658 1908 lu
677 1865 748 1908 vose
768 1819 897 1918 ntnbtt
916 1865 975 1908 non
995 1848 1183 1908 consentiunt
1194 1847 1332 1927 ¹inte-prs

196 1933 254 1988 tes:
284 1929 395 1992 outsas
418 1933 515 1988 tamen
538 1925 667 2009 pluribus
691 1929 851 2006 sententiis,
880 1927 951 1988 duas
981 1933 1094 1988 tanturn
1124 1927 1269 1988 referam:
1295 1929 1330 1986 rel

197 2007 285 2082 luisse
304 2007 446 2068 mresieum
465 2008 697 2080 instrumentum,
722 2007 769 2076 vel
788 2007 900 2078 initium
919 2003 1036 2066 eelebris
1056 2013 1088 2066 et
1107 2007 1173 2067 noti
1194 2007 1329 2067 carminist

197 2093 285 2170 atque
309 2085 381 2146 haee
404 2087 546 2166 posterior
570 2087 734 2146 eouieetura
756 2087 846 2167 magis
870 2085 940 2146 mihi
965 2085 1112 2168 probatur.
1156 2085 1254 2147 Porro
1283 2107 1326 2164 qne

196 2171 328 2247 tempore
346 2167 523 2246 compositus
541 2163 627 2226 luerit
646 2163 777 2225 Psalmns
797 2167 937 2226 moenum
962 2172 1019 2241 est,
1049 2159 1104 2226 uisi
1124 2165 1208 2227 forts
1227 2167 1325 2246 qnando

195 2251 315 2326 repente
338 2243 432 2304 soluts
456 2245 510 2306 luit
533 2244 610 2304 urhis
635 2243 759 2319 obsidio,
784 2245 949 2326 gravissima
968 2245 1048 2306 elade
1067 2246 1098 2306 iu
1117 2243 1254 2306 e'xemitu
1272 2246 1327 2305 sd

196 2321 330 2404 naeherih
350 2321 494 2384 Divinitns
513 2324 629 2400 inflicta,
648 2321 758 2407 eReg.
770 2329 818 2401 19,
838 2327 886 2388 35.
906 2324 985 2405 quod
1004 2345 1059 2409 ego
1079 2324 1207 2386 libenter
1227 2327 1329 2420 rpdpin

196 2404 265 2484 qnia
284 2421 350 2462 enm
365 2409 428 2462 toto
444 2409 581 2464 contextu
596 2404 707 2486 optime
720 2405 862 2466 convenit
883 2404 969 2466 Certe
979 2403 1326 2486 manumittendum

196 2483 317 2602 grafil’m
325 2479 1033 2646 illellscibediballrdietelioqurilizeblblmliffidmteuds
1052 2563 1155 2646 incipit
1186 2569 1325 2645 autequam

134 2685 146 2704 ,
198 2641 234 2702 ad
254 2641 379 2724 speeiem
398 2640 573 2702 liberationis
592 2643 751 2704 deseendat.
776 2641 925 2704 Praefatur
943 2644 1029 2720 enim,
1049 2645 1120 2704 satis
1141 2607 1209 2706 else
1229 2645 1257 2704 in
1276 2643 1326 2704 Deo

197 2720 330 2862 iiiiii
350 2721 1326 2882 ”Pttttlttltlltttdttffltffltrttttatttt

759 2836 764 2870 Ι
879 2849 885 2862 .
1280 2849 1287 2862 .

196 2879 317 2942 verbum
341 2823 447 2952 illibi
474 2882 617 2962 praeteriti
641 2889 686 2942 est
709 2883 862 2963 temporis:
883 2883 933 2943 sed
952 2889 1050 2965 posset
1070 2823 1147 2944 noup
1157 2883 1327 2944 incommode

197 2961 328 3042 restringi
346 2959 383 3020 ad
401 2960 522 3024 salutem
540 2961 630 3022 semel
648 2961 772 3034 allatam,
791 2963 864 3022 sieut
882 2964 967 3023 etiam
986 2963 1035 3022 alil
1048 2969 1177 3034 vertunt,
1205 2964 1325 3024 inventas

198 3046 243 3100 est
261 3041 409 3115 auxilium,
429 3039 479 3100 sed
498 3041 566 3124 qnia
585 3043 795 3116 tribulationes,
811 3042 845 3100 in
864 3061 985 3103 numero
1004 3041 1107 3124 plurali
1127 3043 1262 3124 adiungit
1270 3038 1325 3103 Pro

199 3119 294 3202 pheta,
315 3120 350 3181 ds
369 3121 505 3181 eontinuo
524 3127 591 3181 aeto
610 3139 755 3202 exponere
774 3121 890 3201 placuit,
917 3121 995 3200 quod
1015 3120 1096 3182 Dens
1116 3138 1149 3183 se
1169 3125 1325 3206 tempestive

199 3199 301 3260 offerat
320 3199 432 3280 quoties
452 3207 555 3280 urgent
574 3199 688 3280 aliquae
707 3200 883 3262 afflictiones.
924 3200 1098 3282 Quanquam
1124 3203 1151 3262 si
1172 3201 1212 3264 de
1231 3203 1325 3284 expe-'r

198 3277 301 3338 mentis
326 3278 432 3370 gratiae
457 3277 514 3340 Dei
539 3279 675 3360 loquatur
698 3278 858 3361 Propheta,
888 3283 1072 3363 praeteritum
1096 3289 1218 3364 tempus
1242 3283 1326 3344 udins

200 3355 359 3436 quadrabit.
386 3354 547 3438 Prophetae
567 3359 684 3439 quidem
704 3360 853 3423 eonsilium
872 3368 925 3437 est,
945 3361 1082 3422 extollere
1101 3359 1161 3421 Dei
1181 3365 1326 3444 potentian

179 3443 228 3496 ‘et
247 3435 403 3512 bonitatem
427 3458 459 3498 er
478 3457 494 3498 a
519 3459 602 3502 suos:
626 3446 793 3521 promptum
817 3441 902 3500 etiam
926 3441 1065 3502 auxilium
1089 3441 1227 3518 laudare,
1251 3443 1327 3502 nein

198 3513 283 3575 rebus
302 3515 427 3576 adversis
474 3519 760 3598 ioeircumspieiant,
785 3520 836 3579 sed
855 3539 912 3581 uua
931 3521 991 3580 eius
1011 3523 1193 3604 protectione
1213 3521 1326 3583 contenti

202 3595 267 3666 sint,
286 3594 351 3656 ideo
372 3596 474 3656 diserte
493 3597 636 3680 exprimit,
655 3597 741 3659 talem
760 3619 822 3660 esse
841 3597 938 3680 Deum
958 3619 989 3660 er
1008 3621 1024 3660 a
1044 3620 1122 3673 suos,
1142 3607 1179 3660 ut
1198 3605 1269 3664 seiat
1284 3601 1325 3660 Ec·

198 3673 282 3733 elesia
355 3675 480 3736 uliariter
499 3696 531 3738 se
550 3675 586 3736 ab
606 3695 641 3738 eo
661 3677 782 3741 defendi.
821 3677 882 3740 Nee
901 3699 969 3740 vero
989 3623 1108 3740 dubium
1128 3687 1174 3740 eat
1195 3685 1267 3762 quin
1283 3681 1326 3740 hae

198 3771 271 3812 voee
291 3759 414 3813 sectum
434 3755 573 3836 populum
594 3756 629 3817 ab
649 3758 747 3818 alienis
766 3765 796 3819 st
813 3759 943 3840 profanis
961 3759 1090 3841 gentibus
1104 3769 1236 3840 separet:
1254 3767 1325 3840 atque

87 3867 93 3886 t
199 3833 238 3892 tta
257 3833 437 3892 commendet
451 3835 618 3914 'adoptionis
643 3838 837 3920 privilegium,
863 3857 922 3918 quo
941 3837 1024 3899 Dens
1043 3839 1118 3899 lilios
1138 3839 1274 3901 Abrabae
1291 3839 1323 3898 di-

198 3917 300 3992 gnatus
319 3917 389 3972 erat.
429 3910 553 3974 Proinde
573 3936 662 3995 quum
687 3917 747 3978 dixi
770 3921 930 3999 generalem
956 3937 1019 3982 esse
1044 3921 1234 3996 sententiam,
1258 3919 1323 3980 notri

199 3991 360 4070 promiscue
378 3993 530 4054 extendere
549 3995 585 4054 ad
605 3995 746 4075 quaslibet
764 4015 918 4077 personas,
944 3997 1001 4058 sed·
1018 3997 1054 4058 ad
1074 4001 1173 4058 omnia
1192 4006 1323 4080 tempora:

198 4072 265 4149 qnia
285 4071 369 4132 donet
388 4073 509 4166 qualiter
528 4093 559 4133 se
577 4071 659 4134 Deus
678 4095 746 4156 erga
765 4095 833 4136 suos
854 4097 953 4138 omues
973 4095 1069 4160 gerere
1089 4079 1191 4138 soleat.
1232 4079 1321 4159 Sequi-

195 4156 246 4226 tur
271 4150 371 4211 deinde
395 4151 500 4228 illatio,
530 4153 637 4212 nullam
662 4174 724 4215 esse
753 4154 881 4216 fidelihus
905 4157 1064 4240 trepidandi
1084 4177 1216 4233 eanum,
1246 4177 1321 4240 quun

199 4227 279 4289 Deus
303 4250 416 4312 semper
440 4231 476 4292 ad
501 4250 551 4292 eos
575 4231 736 4294 liberandos
761 4243 878 4316 paratus
899 4239 951 4312 sit,
976 4244 1005 4298 et
1024 4235 1142 4316 quidem
1160 4239 1266 4300 invicta
1283 4257 1320 4318 pe

197 4309 286 4368 tentia
305 4310 467 4372 instructus.
508 4311 641 4373 Ostendit
660 4320 755 4374 autem
775 4313 921 4398 Propheta
940 4335 1081 4397 quaenam
1101 4335 1171 4378 vera
1191 4319 1231 4380 sit
1248 4325 1273 4378 et
1289 4317 1319 4374 le·

198 4385 295 4467 gitima
314 4389 375 4468 spei
395 4389 536 4471 probatio,
556 4391 604 4453 ubi
624 4393 732 4454 scilieet
750 4393 834 4455 rebus
855 4395 899 4456 ita·
915 4397 1050 4472 contusis,
1070 4403 1103 4456 ut
1126 4396 1318 4480 propemodum
