2804 4890
172 249 263 325 ‘250
631 265 649 306 ι.
684 263 925 305 cinereus
1297 235 1302 248 ”

207 393 238 454 in
257 393 320 474 ipso
339 387 460 450 artieoio
479 385 609 461 destitui,
626 393 657 448 et
675 387 779 448 misere
798 385 912 448 delusos
983 385 991 402 ⁸
1027 391 1095 460 ,ut
1112 384 1173 448 lroc
1191 385 1284 448 modo
1301 407 1343 448 eo-

207 493 272 534 rum
292 469 439 531 stultitiam
459 467 540 528 Deus
559 474 702 547 coarguat.
743 465 851 526 Verum
872 467 921 545 qui
942 485 987 525 cm
1010 473 1064 541 eet,
1089 486 1144 528 uec
1158 469 1276 528 'smne
1295 466 1341 528 tte
1386 473 1387 496 ³

227 572 257 613 es
276 551 380 612 armari
400 544 508 628 gladio,
528 567 581 607 nec
601 565 811 626 supervacuum
834 565 897 605 csse
916 562 1057 626 equorum
1076 567 1177 611 usum.
1203 567 1262 607 nec
1281 567 1345 628 quas
1386 583 1387 596 ι

207 650 289 771 ii
307 649 380 724 ores,
397 627 779 768 ‘ir2⁰¹'¹i{0iim‘⁰²¹¹·⁶²ii
793 625 1053 766 ''tillut“
1071 627 1345 779 epreppggffi
1386 643 1387 702 ³

139 749 142 758 ·
325 731 332 768 ι
357 728 421 768 aru
468 728 498 768 ιιι
1036 726 1082 766 or

205 731 257 808 lm!
289 727 402 850 edraiod¹
412 805 479 870 pora
495 806 562 867 quo
587 786 663 866 pluri
683 726 833 845 ddqcincta
857 792 903 844 cst
925 729 1118 858 munimcutdd,
1138 805 1176 846 eo
1197 786 1345 882 loupinsa
1386 781 1387 842 ζ

205 809 275 932 ffl
291 868 412 941 recedit,
436 867 564 948 falsaque
582 867 782 946 imaginatione
801 871 916 944 portum
939 863 976 924 ob
997 867 1075 926 omni
1093 866 1226 926 molestie
1247 887 1345 926 rmmu·
1386 875 1387 938 t

204 969 274 1011 nem
293 949 346 1010 sibi
365 947 460 1026 fingit:
484 948 545 1006 iure
571 943 653 1006 Deus
677 945 752 1006 hanc
781 947 925 1004 vesaniam
956 946 1119 1006 frustratur.
1159 945 1238 1006 Hinc
1264 945 1300 1006 fit
1317 954 1347 1005 ut
1386 957 1387 1016 ζ

156 1043 160 1054 ’
205 1047 292 1110 saepe
311 1031 372 1088 sine
391 1027 494 1086 effectu
512 1023 698 1086 effluaotDci
717 1025 805 1084 dona:
826 1026 961 1105 quoniam
980 1026 1150 1086 eemundus
1168 1025 1208 1086 ab
1228 1033 1347 1098 auctore
1386 1023 1387 1058 ¹

205 1127 350 1190 separans,
369 1108 430 1167 eius
449 1125 566 1188 quoquc
585 1105 781 1168 benedictione
799 1105 935 1187 privator.
1386 1107 1387 1134 ¹

296 1307 347 1376 18.
370 1305 454 1404 Ecce
477 1303 734 1375 oculuslchovac
756 1327 853 1396 super
867 1303 1014 1372 timentes
1031 1327 1115 1388 cunr,
1138 1307 1196 1394 qui
1218 1313 1347 1396 sperent

202 1414 237 1482 in
263 1413 472 1482 misericordia
500 1413 583 1481 eiust
627 1411 679 1479 19.
701 1411 747 1479 Ut
775 1410 886 1503 eripiat
911 1434 930 1478 a
952 1421 1055 1485 morte
1076 1410 1201 1478 animas
1222 1434 1346 1494 comm,

161 1607 165 1618 Ι
204 1530 237 1590 et
258 1519 395 1588 vivificet
417 1543 474 1588 eos
496 1519 536 1586 in¹
551 1518 655 1587 fame:
1220 1522 1224 1545 ¹
1386 1531 1387 1544 ι

283 1667 330 1729 to.
350 1666 429 1726 Ecce
446 1665 557 1726 omeliis.
595 1661 754 1744 Postquam
774 1635 879 1731 docuit,
904 1660 976 1721 nihil
995 1678 1080 1742 saepe
1099 1659 1234 1758 prodesse
1251 1680 1342 1740 qnae·

81 1725 83 1732 ⁴
202 1763 317 1826 cunque
335 1733 529 1826 putenturad
547 1743 668 1804 tuendos
688 1743 817 1803 homines
836 1743 943 1824 optima
963 1761 1028 1801 esse
1046 1741 1202 1822 praesidia.
1218 1743 1274 1800 imo
1294 1743 1340 1800 ut·
1386 1727 1387 1812 i

147 1818 150 1827 “
202 1823 254 1886 hili
273 1844 344 1900 esse,
363 1823 412 1885 ubi
430 1825 461 1884 iu
480 1825 535 1884 illis
554 1823 666 1884 locatur
685 1822 774 1884 salus:
793 1824 851 1882 iam
871 1843 908 1884 cx
919 1823 1051 1902 opposito
1066 1821 1251 1892 demonstrat,
1268 1819 1339 1880 tide·
1386 1813 1387 1888 i

201 1905 255 1979 les,
274 1905 406 1985 quamvis
425 1923 519 1984 noque
537 1923 640 1984 magna
663 1904 790 1986 potentia
814 1903 871 1962 sint
895 1901 1027 1984 praediti,
1050 1920 1147 1982 neque
1171 1900 1274 1982 opibus
1292 1901 1341 1958 ab·
1386 1907 1387 1958 t

202 1986 320 2060 nudent,
345 1986 429 2046 unica
452 1991 548 2046 tamen
567 1981 624 2044 Dei
682 1983 739 2046 atie
761 1983 830 2041 satis
849 2001 912 2042 csse
930 1988 1018 2055 tutos,
1038 1987 1067 2040 et
1085 1988 1228 2062 perpetuo
1247 1980 1343 2040 salros
1386 1977 1387 2048 Ϊ

201 2065 273 2124 iore.
293 2062 379 2124 .Non
399 2083 501 2162 parum
519 2064 641 2123 illustrat
675 2061 811 2143 rophetae
830 2069 955 2122 mentem
974 2061 1046 2120 haec
1055 2079 1118 2140 ¹eom
1142 2062 1244 2132 aretio,
1264 2059 1341 2140 qued
1386 2063 1387 2130 l

200 2141 295 2224 Reges
319 2151 349 2203 et
373 2143 508 2224 Gigantes
533 2143 603 2204 nihil
626 2143 707 2202 iuvet
735 2141 955 2224 inexpugnabile
977 2159 1064 2200 sunm
1092 2081 1198 2200 rodier:
1227 2147 1341 2198 muetos
1384 2139 1387 2208 ἶ

139 2239 142 2249 ·
200 2241 271 2282 vero
290 2224 320 2282 in
339 2222 416 2282 tame
434 2230 465 2282 et
484 2224 600 2304 penuria
620 2220 701 2282 Deus
720 2221 854 2296 viriticct,
874 2223 934 2281 acsi
950 2222 1080 2280 restituat
1098 2221 1188 2282 vitam
1209 2221 1340 2279 mortuis.

200 2299 285 2364 Nunc
309 2303 409 2362 medua
433 2308 563 2362 tenemus
587 2321 726 2382 quorsum
743 2299 890 2382 Propheta
914 2301 1010 2360 totuin
1033 2300 1132 2360 mundi
1157 2299 1248 2360 robur
1267 2299 1341 2358 deic-

200 2383 279 2454 ccrit,
299 2401 358 2441 non
378 2389 412 2442 ut
430 2383 565 2462 prostrati
583 2383 694 2441 iaceant
713 2381 842 2441 homines
856 2381 974 2454 scilicet,
992 2381 1039 2440 vel
1049 2380 1249 2460 desperatione
1260 2380 1341 2438 tracti
1386 2381 1387 2418 l

193 2457 389 2538 marcescant,
415 2461 465 2522 ced
489 2468 522 2520 ut
545 2461 674 2542 deposita
699 2463 777 2520 omui
801 2461 933 2543 superbia
956 2460 1125 2520 contrahant
1150 2479 1254 2519 omnes
1273 2479 1341 2518 euos

156 2545 160 2560 '
200 2559 301 2602 senem
326 2541 362 2602 ad
387 2561 477 2600 unum
496 2531 606 2614 Deum,
630 2547 660 2602 ct
678 2539 715 2600 eb
735 2543 795 2602 eius
820 2541 909 2602 tutela
929 2541 1022 2600 vitam
1037 2559 1118 2602 suam
1138 2539 1266 2622 pendere
1285 2547 1339 2598 sta-

198 2626 290 2690 tuant.
331 2619 424 2681 Porro
443 2620 559 2681 oculum
574 2619 630 2680 Dei
650 2620 686 2680 od
706 2620 861 2680 servandos
880 2639 949 2680 eoos
968 2619 1093 2682 cultores
1112 2621 1264 2680 intentnm'
1277 2637 1339 2679 esec

198 2699 309 2776 dicens,
332 2701 399 2782 plus
422 2701 570 2782 exprimit,
594 2719 681 2780 quam
706 2701 730 2759 si
750 2701 875 2776 dixisset,
895 2700 931 2761 ad
950 2719 1000 2760 eos
1020 2699 1201 2760 sustinendos
1221 2718 1340 2758 menum

197 2782 259 2842 eius
284 2787 315 2841 et
336 2781 473 2841 virtutem
497 2781 640 2842 sufficere:
665 2780 732 2861 quia
756 2780 893 2862 obrepere
916 2779 1169 2861 infirmis'poterat
1188 2779 1339 2851 dubitatio,

160 2863 165 2874 '
197 2879 235 2921 au
259 2860 296 2920 ad
320 2861 448 2942 singulos
472 2877 535 2922 cem
558 2859 712 2922 extendere
732 2858 813 2920 Dens
836 2859 937 2920 relicti
962 2877 1040 2920 nunc
1059 2877 1130 2920 vero
1150 2859 1221 2918 dum
1241 2861 1338 2940 ipsum

196 2941 279 3022 quasi
302 2941 332 3002 in
357 2939 487 3002 excubiis
512 2941 657 3002 sedentem
681 2939 804 3014 inducit,
828 2939 1011 3000 uttidelitros
1029 2940 1195 3020 prospiciat,
1214 2959 1276 2999 non
1295 2946 1338 3002 cet

197 3039 250 3081 cor
275 3023 396 3102 quisque
421 3021 543 3102 amplius
567 3027 610 3080 tre
632 3017 702 3095 i'det,
722 3038 758 3080 ao
777 3037 875 3080 eccum
895 3020 1039 3100 disceptet,
1060 3019 1096 3080 de
1115 3022 1261 3100 prementi
1281 3017 1336 3078 Du'

196 3101 304 3161 auxilio
330 3109 439 3174 certas,
464 3101 550 3161 modo
579 3041 632 3160 sud
661 3101 723 3160 eiua
746 3099 924 3180 providentia·
954 3099 1069 3179 quietus
1093 3105 1219 3159 maneat.
1264 3098 1339 3158 Hinc

196 3181 300 3245 clarius
319 3181 415 3240 elucet
433 3199 521 3260 quam
539 3199 608 3241 rere
627 3179 706 3260 prins
727 3179 831 3240 dixerit
856 3179 971 3239 beatum
995 3197 1058 3238 esse
1076 3179 1230 3260 populum,
1257 3181 1336 3238 cuim

195 3259 302 3320 lehova
321 3267 366 3319 cst
385 3257 476 3330 Deus,
496 3261 563 3342 rpite
582 3266 664 3320 extra
683 3261 693 3318 i
714 3277 778 3318 sum
804 3258 939 3340 quicquid
964 3259 1078 3318 virtutis
1102 3267 1133 3319 et
1156 3278 1249 3340 opum
1270 3279 1333 3339 sep-

194 3345 288 3420 petat‚
307 3339 406 3414 inane,
433 3338 535 3413 fallax,
560 3347 591 3400 et
609 3279 763 3399 evanidom
782 3339 897 3399 tendem
917 3339 981 3410 erit,
1005 3339 1066 3418 ipse
1090 3344 1189 3399 autem
1210 3338 1277 3400 solo
1295 3343 1335 3398 in·

195 3420 272 3478 tuito
295 3418 394 3478 fideles
414 3437 481 3479 suos
500 3425 646 3501 protegat,
670 3425 818 3478 succurret
840 3439 940 3478 eorum
965 3421 1013 3478 ino
1034 3419 1094 3494 iao,
1113 3419 1264 3480 temelicos
1288 3437 1335 3499 pa·

194 3505 265 3573 scat,
288 3500 431 3580 mortique
455 3499 609 3560 destinatos
633 3498 767 3559 vivificet.
806 3497 869 3559 Etsi
893 3507 988 3560 autem
1012 3438 1333 3580 depraedendam

194 3583 279 3638 vetur
298 3584 392 3638 totum
411 3577 567 3640 humanum
587 3597 686 3676 penus,
706 3578 812 3638 scimus
830 3585 926 3638 tamen
950 3597 1015 3639 eum
1036 3585 1155 3660 patema
1174 3600 1245 3640 cura
1265 3599 1334 3638 non·

194 3658 248 3718 nisi
272 3675 340 3718 suos
365 3659 439 3718 tilios
463 3660 643 3741 peculiariter
666 3658 788 3740 dignari,
814 3663 847 3717 ut
865 3677 934 3719 vere
952 3659 1044 3719 atr-eo
1064 3677 1130 3719 suas
1150 3661 1333 3721 necessitates

193 3738 579 3880 ttttcttttt'td?
595 3735 1069 3901 portiterem
1087 3745 1334 3880 ttffll:

192 3898 255 3960 eius
279 3898 474 3979 providentiae
499 3897 601 3960 deferri
624 3901 734 3959 iudum
747 3897 906 3974 honorem,
930 3899 999 3960 dum
1017 3859 1195 3959 in'cxtrema
1216 3899 1334 3981 penuria

193 3979 304 4038 animos
323 3997 382 4039 uon
402 3978 451 4039 des
491 3979 579 4040 rident
596 3978 709 4039 fideles:
730 3979 800 4057 quin
820 3979 915 4059 potius
934 3979 1098 4061 escpr'rlcro
1117 3999 1199 4062 spem
1220 3997 1335 4040 smeruu

192 4057 336 4134 attollunt,
357 4059 424 4138 qnia
475 4077 526 4119 eus
545 4060 576 4118 in
594 4057 673 4118 hunc
696 4057 783 4117 finem
803 4060 910 4119 esurire
933 4077 1002 4120 suos
1025 4059 1062 4118 ad
1081 4065 1195 4140 tempus
1216 4063 1334 4140 patitur,

192 4143 348 4280 iiiiii
366 4139 646 4280 titumtttttl
662 4137 1333 4292 iiidiffiiiiil‘diidloeds‘iffil

192 4295 242 4356 obi
261 4317 339 4358 more
358 4305 426 4360 ante
445 4299 546 4360 oculos
564 4297 647 4359 nobis
666 4299 776 4359 verum
793 4299 902 4380 coepit,
922 4301 989 4380 qnia
1008 4299 1108 4359 mundi
1126 4241 1264 4374 subsidid,
1284 4300 1332 4359 do·

192 4393 246 4435 uec
264 4395 333 4438 eoae
352 4380 485 4442 vanitatis
503 4379 731 4462 experimentum
750 4377 888 4456 dederint,
906 4397 1008 4442 sensus
1025 4384 1142 4442 nosnos
1161 4387 1264 4444 tenent
1282 4381 1329 4442 im·

373 4603 385 4642 Ι
452 4627 462 4656 ι
