2836 4886
472 273 866 356 aperueramus
1125 311 1234 398 'aab
1298 268 1300 282 ¹

27 435 246 506 stillarunt
268 455 374 503 coram
397 431 475 500 lucie
497 391 564 502 Dei
582 429 693 502 irutusr
723 431 811 499 Sinai
831 457 852 520 e
874 428 952 500 lade
975 425 1109 500 lleilboi
1126 431 1237 503 'inuti

49 546 122 614 10.
153 541 311 612 Pluviorn
337 537 500 608 liberalem
528 537 627 606 lluere
657 535 751 606 foues
774 527 864 606 Deire
892 561 989 630 super
1011 535 1236 610 lraoreditateru
1278 531 1291 562 '
1409 555 1410 606 l

47 661 181 733 tuam,
197 659 242 718 *et
269 646 386 714 laesam
413 648 449 714 tir
476 645 651 746 instaurari.¹
680 646 745 714 ‘1=1.
760 642 981 736 JGongregatio
1008 654 1064 714 tua
1085 645 1237 718 habitabit

50 758 98 824 in
125 779 194 824 ear
207 749 347 848 'parabis
368 753 403 820 in
425 751 568 820 bonitate
590 761 646 820 tna
667 751 799 844 pauperi
821 749 921 820 neue
1038 847 1042 854 .
1145 819 1149 826 ,
1217 753 1219 760 ’

160 921 195 982 8.
217 917 302 978 Deru
326 937 417 1000 quom
441 937 457 975 e
512 915 647 976 aretam.
691 911 776 980 Nune
799 910 857 988 Dei
880 911 1036 974 bonitatem
1064 916 1181 1004 proprie
1205 917 1234 976 io

54 995 216 1058 Eoeleeia
239 994 363 1058 residere
387 1013 457 1076 prae
479 997 547 1070 'oat‚
572 1011 661 1076 quem
685 993 867 1074 peculiariter
885 995 915 1058 in
935 1011 1001 1056 enm
1022 993 1109 1054 tirreni
1130 993 1234 1076 delegit

61 1085 104 1138 nt
131 1078 289 1138 theatrum
314 1081 389 1134 esset
417 1081 551 1156 paternae
576 1093 646 1136 auae
670 1071 885 1135 sollieitudinie
915 1071 980 1132 Hoe
1004 1081 1102 1150 autem
1121 1075 1233 1136 diserte

64 1159 203 1218 additur
222 1175 240 1216 a
260 1153 415 1236 Propheta,
435 1161 468 1214 ut
487 1153 565 1252 quod
583 1161 671 1214 antea
690 1153 797 1214 dietum
817 1159 870 1226 est,
890 1149 941 1212 niu
960 1151 1233 1237 Abrabaepropiua

65 1240 110 1298 ad
133 1254 171 1298 ae
194 1235 426 1296 accommodent:
453 1253 520 1314 qma
546 1241 613 1294 enat
637 1239 675 1293 ex'
699 1234 793 1293 eleeto
819 1231 937 1314 populo.
977 1225 1069 1292 Porro
1088 1237 1162 1316 ¹quie
1188 1253 1233 1295 re·

68 1317 217 1398 demptio
242 1333 279 1374 ex
304 1313 439 1395 Aegypto
464 1314 649 1396 praecipuum
673 1319 704 1372 et
733 1320 880 1372 aeteruum
906 1317 968 1394 erat
991 1313 1096 1372 amorio
1115 1317 1233 1394 pignus,

71 1417 140 1476 quo
163 1393 254 1456 etiam
274 1395 382 1456 eaneita
401 1393 496 1454 iuerat
505 1393 621 1476 adoptio
641 1393 752 1474 pridem
772 1393 801 1452 in
815 1409 903 1452 mann
913 1390 1047 1452 Abrahae
1066 1393 1150 1467 laeta,
1170 1397 1232 1454 eine

70 1477 236 1536 historiam
261 1474 385 1534 breviter
409 1474 533 1554 attingit
572 1471 693 1533 Summa
716 1471 901 1546 huniandi,
926 1468 1023 1532 Deum
1048 1473 1078 1531 in
1101 1473 1153 1532 illo
1172 1493 1232 1534 rne-

71 1555 217 1616 morabili
242 1555 323 1614 exilu
347 1559 482 1616 inuium
508 1571 570 1614 eoae
595 1551 727 1614 omnibns
747 1551 855 1612 reculis
879 1557 1056 1632 quantopere
1074 1549 1247 1624 Ecclesiam

72 1653 164 1696 euam
191 1633 330 1714 diligeret.
371 1630 520 1710 Quorsum
544 1633 621 1692 enim
645 1639 690 1694 tot
715 1631 866 1706 miracula,
887 1637 982 1692 terrae
1006 1631 1138 1712 coelique
1163 1648 1231 1692 eon·
1345 1637 1347 1644 ’

74 1717 191 1788 cuseio,
211 1721 241 1774 et
260 1715 402 1774 montium
427 1719 549 1786 tremor,
572 1713 627 1772 niei
652 1719 686 1771 ut
705 1711 800 1793 palam
824 1710 908 1770 lieret
927 1707 983 1770 Dei
1008 1711 1146 1776 virtutem
1164 1731 1232 1774 euru

76 1796 179 1854 selme
199 1793 301 1874 populi
325 1793 506 1852 ooniuuetam
530 1793 611 1852 esaei
635 1790 703 1851 ldeo
729 1797 824 1870 parter
847 1789 927 1850 dueie
952 1787 1049 1852 tribuit
1073 1789 1155 1866 Deo,
1180 1795 1231 1872 qui

76 1877 144 1934 auia
165 1873 301 1952 anapieiio
321 1872 462 1952 populum
476 1871 639 1932 Mureti„
679 1867 780 1950 Neque
800 1869 829 1930 id
845 1870 938 1930 tolum
958 1870 988 1928 in
1003 1870 1125 1932 traiectu
1144 1874 1231 1932 marie

78 1953 193 2026 Rubri,
219 1951 269 2011 aad
290 1955 376 2012 etiarn
396 1949 534 2032 quamdin
553 1952 584 2010 iu
609 1949 721 2014 deserto
745 1950 840 2030 vagati
860 1957 926 2009 suut
944 1947 1097 2012 lsrailitae.
1138 1949 1231 2012 Porro

79 2039 185 2093 tenne
204 2041 317 2091 motam
335 2030 463 2111 intelligo
483 2047 542 2090 non
561 2027 656 2090 solem
675 2033 705 2090 in
726 2025 810 2112 Legio
828 2028 1073 2110 promulgatione:
1093 2030 1144 2090 ned
1163 2033 1232 2110 quia

79 2114 112 2172 in
134 2111 274 2170 enuduno
294 2111 402 2170 iliande
421 2125 575 2190 progrereu
594 2111 708 2190 raepinr
727 2116 856 2168 mutatur
873 2117 919 2170 eet
934 2107 1010 2168 ordo
1023 2113 1152 2186 meane,
1171 2112 1231 2170 anai

81 2192 228 2252 ,elementa
253 2191 350 2251 omnia
373 2189 550 2268 trepidarent
568 2188 606 2248 all
625 2185 682 2250 Dei
701 2193 896 2269 conspectum.
938 2185 1014 2266 Quia
1034 2195 1129 2250 tamen
1149 2208 1230 2271 prae-

82 2271 169 2350 eipue
190 2270 220 2330 iu
241 2275 340 2330 merite
359 2266 439 2327 Sinai
458 2265 613 2328 terribilem
632 2283 715 2328 anam
734 2267 892 2349 polentiam
913 2267 1036 2328 ostendit
1050 2263 1141 2344 Deus,
1161 2269 1231 2350 quia

84 2355 115 2408 ei
134 2345 261 2408 tonitrua
279 2345 470 2424 audiebantur
489 2347 519 2407 in
540 2347 632 2419 coelo,
656 2354 687 2406 et
704 2353 785 2407 toton
809 2351 860 2406 atr
885 2343 1013 2428 fulgetris
1032 2347 1133 2426 plenus
1153 2353 1230 2412 erat:

85 2429 191 2488 diserte
210 2435 337 2488 montem
356 2428 439 2488 illum
458 2427 587 2486 nominat
606 2425 761 2522 Propheta,
780 2428 811 2486 in
821 2445 880 2505 quo
890 2425 1051 2506 spectabilis
1060 2425 1116 2487 init
1135 2425 1246 2524 agrian-⁴

86 2507 183 2566 didiua
200 2523 287 2584 quam
308 2506 375 2574 alibi
395 2525 518 2586 nequam
537 2503 594 2566 Dei
614 2513 755 2580 mareotae.
795 2503 960 2568 Prononren
974 2505 1230 2568 demonstraturum

85 2587 130 2654 ΓΠ
150 2579 252 2666 frigide
271 2585 306 2644 ad
317 2583 396 2644 Sinai
416 2585 533 2664 qnidam
553 2584 691 2646 referunt:
712 2605 802 2664 quum
821 2586 918 2664 potius
929 2583 1024 2645 David
1039 2586 1160 2666 gloriam
1171 2585 1229 2648 Dei

87 2663 198 2724 israelis
218 2663 350 2724 illustret.
391 2663 465 2724 llam
484 2663 570 2724 simili
587 2660 680 2746 ligura
699 2663 862 2746 Prophetae
885 2683 946 2724 non
965 2667 1053 2724 semel
1073 2665 1229 2742 declarant,

91 2743 185 2804 Deum
210 2745 260 2824 qui
285 2743 389 2805 colitur
413 2745 487 2803 inter
506 2741 639 2804 Abrahae
662 2743 751 2814 lilios,
777 2760 836 2803 non
861 2760 923 2804 eoae
943 2744 1152 2824 imaginarium:
1173 2765 1228 2808 neo

91 2825 253 2905 religionem
272 2841 347 2904 quae
366 2826 426 2884 eins
446 2821 522 2904 Lege
540 2821 645 2883 tradita
664 2819 728 2898 init,
753 2822 916 2904 ambiguam
940 2841 1010 2884 eoae.
1051 2823 1101 2886 sie
1125 2824 1228 2886 leaaiao
1270 2855 1277 2877 ο

92 2925 152 2983 cap.
175 2905 228 2978 255
249 2921 323 2964 vere.
344 2905 372 2966 9.
393 2901 448 2963 Hie
468 2904 514 2964 lrle
533 2899 615 2962 Deus
639 2906 750 2978 noster,
772 2902 899 2963 servabit
922 2922 984 2963 noe.
1024 2901 1228 2984 Ergo‘David,

93 2981 1065 3124 tiltili?‘ilrltltt⁸t⁰tttt¹¹⁰³„filiiflii
1081 2985 1253 3126 “titii

39 3195 41 3208 .
95 3143 207 3222 oblique'
227 3106 390 3226 peretridgit
413 3083 697 3216 mugndiqnmeniiam,
721 3081 888 3222 qmgeDeum
912 3142 966 3203 eibi
985 3145 1015 3202 in
1035 3143 1117 3220 lignis
1136 3151 1166 3204 et
1184 3139 1225 3204 lai

96 3222 210 3306 pidiboa,
230 3242 302 3283 auro
321 3229 351 3283 et
375 3229 495 3303 argento
514 3219 651 3304 figurans,
676 3221 748 3283 adeo
767 3239 828 3284 non
847 3221 962 3305 melicii
985 3221 1015 3282 ln
1035 3221 1091 3284 Dei
1116 3225 1226 3301 notitia,

96 3301 247 3364 ulmaria
266 3303 382 3364 fallaciis
402 3304 514 3382 longine
534 3309 694 3364 evanescat.
885 3337 889 3348 »
970 3319 975 3328 ·

153 3379 214 3445 ’10.
233 3385 375 3444 Plantam
398 3385 591 3444 voluntatum
636 3379 691 3442 ilie
715 3379 811 3442 David
834 3387 1005 3464 perpetuum
1036 3381 1143 3464 gratiae
1167 3381 1225 3444 Dei

98 3481 203 3522 numum
248 3461 386 3538 medient,
410 3483 448 3523 ex
472 3481 531 3542 quo
555 3469 660 3522 terrem
685 3460 737 3521 sibi
756 3464 928 3542 promissam
947 3465 1090 3542 ingrersus
1111 3467 1153 3522 eet
1175 3485 1225 3542 po-

98 3541 183 3623 pulor.
220 3483 285 3638 dgbea
310 3543 387 3602 enim
410 3549 531 3602 venatur
550 3540 607 3602 Dei
630 3541 805 3616 haereditas,
830 3561 918 3622 qnam
942 3544 1135 3624 assignaverat
1159 3541 1224 3604 liliis

99 3623 159 3681 euir.
194 3620 250 3684 Ani
276 3620 432 3682 Eooleelam
460 3621 636 3702 intelligunt,
665 3621 718 3682 eod
744 3623 914 3702 improprie:
944 3623 1012 3702 quia
1040 3621 1127 3703 paulo
1156 3630 1224 3705 poet

100 3701 214 3764 subiiciet
235 3703 266 3762 in
290 3721 324 3763 ee
348 3701 476 3762 habitare
500 3709 614 3762 coetum
638 3699 702 3761 Dei.
743 3700 845 3761 llerito
875 3708 971 3762 antem
995 3707 1070 3762 terra
1095 3701 1224 3762 Cannam

100 3801 192 3842 nomen
216 3780 272 3842 boe
297 3781 420 3858 obtinet,
445 3798 520 3864 quae
545 3781 731 3845 haereditario
756 3781 819 3856 iore
843 3799 860 3840 a
880 3779 965 3842 Patre
984 3782 1100 3842 ooeleeti
1118 3781 1228 3857 tradita

101 3859 188 3924 luerat.
225 3860 318 3922 Porro
337 3881 375 3922 ex
395 3881 454 3943 qno
473 3859 504 3922 in
523 3879 557 3922 ea
576 3860 662 3921 loeati
685 3865 752 3920 eunt
776 3859 828 3942 lilii
854 3859 1000 3934 Abrahae,
1023 3860 1119 3920 David
1145 3879 1221 3920 eom·

102 3949 226 4000 memorat
244 3961 303 4001 non
327 3961 392 4001 uam
412 3941 508 4002 Deum
528 3957 653 4004 oeeoaem
676 3939 712 4001 ab
738 3941 840 4022 optimi
864 3947 892 4001 et
915 3941 1153 4022 indulgentissimi
1172 3959 1221 4022 pa·

8 4027 13 4034 “
103 4017 296 4080 idelemilieeo
330 4024 390 4082 eie:
415 4023 482 4102 quin
508 4023 601 4082 vietur
627 4020 744 4102 parandi
769 4038 868 4092 mura,
893 4019 1020 4101 pluviam
1040 4039 1153 4100 semper
1171 4039 1221 4080 ex-

55 4111 59 4118 '
105 4097 226 4158 citaverit.
264 4097 356 4162 Porro
376 4121 467 4182 quum
487 4104 587 4170 m
614 4100 707 4181 (quod
726 4119 832 4160 nomen
856 4097 951 4160 blein
972 4099 1098 4180 genitivo
1118 4098 1222 4180 plurali

104 4175 454 4322 titrftilttttt
462 4179 1222 4340 illitati?iiiiii-titii&

217 4297 225 4330 i

106 4335 222 4418 placitum
241 4337 381 4400 meamne
401 4283 597 4402 aeripdixieret
616 4337 721 4414 David,
745 4337 843 4400 Deum
867 4357 980 4418 semper
1004 4339 1097 4400 alendi
1121 4339 1222 4422 populi

106 4417 143 4476 eui
162 4422 254 4513 sponte
277 4435 377 4480 euram
399 4417 540 4484 menen.
584 4417 659 4481 Nam
688 4419 767 4500 quod
796 4419 844 4478 alii
873 4418 1000 4500 pluviem
1029 4420 1221 4494 voluntatum,
