2804 4890
431 285 474 326 ΙΝ
502 283 665 328 radunt.
692 283 792 326 xxxii.
1104 287 1182 346 *m

55 414 165 480 nuru
182 409 274 474 nnus
291 415 320 470 u
339 409 478 470 susem
497 409 561 482 uas
580 407 648 490 qus
667 385 783 488 spossus
801 406 921 470 nostor
940 409 1067 478 suman
1085 412 1115 472 u
1135 431 1182 476 so.

53 499 125 558 Dicit
142 499 240 554 antam
261 509 317 564 nnn
337 490 456 570 vulgara
473 487 562 550 fnisse
581 489 775 569 castigationis
794 487 893 570 genus',
918 509 976 570 ouo
997 490 1095 552 didicit
1114 511 1182 556 veru

52 582 116 639 iram
134 573 190 634 Dei
212 577 355 643 munere,
384 570 451 650 quia
475 587 578 630 manus
597 566 716 630 Domini
740 577 839 630 noctes
858 576 888 630 et
907 569 967 630 dies
985 569 1183 652 ingravescere

53 677 104 718 non
122 653 254 714 cessavit.
275 648 436 712 Carteiam
456 668 473 708 a
494 667 585 731 puero
605 649 641 710 ad
660 647 718 710 Dci
738 651 870 710 timorem
889 656 949 712 tom
968 669 1072 712 arcano
1093 651 1183 733 Spiri-

54 747 93 798 tus
110 733 262 804 instinctu,
284 748 373 812 quam
392 729 522 790 doctrina
540 729 679 790 formatus
703 737 765 790 erat
788 731 825 790 ad
844 731 989 811 pietatem.
1029 729 1067 792 lit
1086 739 1182 794 tamen
1222 729 1231 736 ’

54 817 83 876 ad
100 815 172 882 banc
189 808 543 892 sapientiam‚diacendam
562 809 635 870 adeo
650 825 714 870 ‘non
729 811 797 870 satis
813 810 928 870 suerunt
943 809 1103 872 rudimenta
1119 814 1181 894 qui·

53 898 99 956 bns
121 893 215 962 iceret
238 889 380 964 imbutus,
412 895 445 950 ut
467 895 604 970 tanquam
629 892 770 950 novitium
793 892 823 950 in
847 892 942 950 medio
966 911 1052 952 crsrau
1077 893 1184 956 erudiri

53 993 157 1036 ocoesse
180 971 278 1032 fuerit
318 969 380 1032 lmo
404 989 495 1050 quum
518 972 576 1030 iam
599 969 687 1050 longo
712 989 767 1030 usu
792 973 963 1034 assuevisset
987 971 1024 1032 ad
1043 975 1183 1054 gemenda

55 1075 98 1115 sna
113 1058 237 1134 macuta,
259 1050 295 1112 de
306 1049 416 1130 integro
436 1050 471 1110 ad
493 1049 628 1112 ‹buturna
646 1051 780 1112 exercitis
798 1057 937 1112 retractus
956 1059 1009 1126 est,
1027 1053 1103 1114 usrde
1114 1053 1182 1114 col·

53 1135 129 1216 ligera
151 1133 218 1194 licet
244 1149 333 1212 quam
359 1149 424 1190 soro
448 1131 616 1212 resipiscant
642 1130 787 1207 homines,
816 1130 865 1192 ubi
889 1131 979 1194 serncl
1004 1131 1076 1213 lapsi
1100 1135 1182 1194 sunta

55 1225 129 1294 atque
150 1213 237 1274 etium
263 1229 351 1292 quam
376 1207 432 1270 sint
456 1209 491 1270 ad
517 1209 676 1290 parendum
699 1209 787 1284 sardi,
816 1211 908 1272 donec
932 1210 1052 1274 subinde
1082 1213 1180 1352 plalgas

56 1313 110 1356 suas
126 1292 283 1374 ingeminet
303 1289 398 1364 Deus,
428 1295 458 1352 et
477 1289 669 1352 continuando
689 1297 798 1371 augent.
828 1290 862 1351 Si
882 1292 946 1372 quis
966 1299 1047 1374 roget
1066 1291 1102 1354 de
1152 1312 1182 1354 a·

58 1375 119 1448 cide,
137 1392 172 1434 an
191 1369 302 1432 cabum
321 1369 480 1430 obduxerat
500 1369 536 1430 ad
557 1371 663 1510 plagas,
684 1389 755 1451 quas
775 1370 881 1433 sciebat
901 1369 1047 1434 Divinitus
1066 1371 1119 1434 sibi
1139 1373 1183 1432 in·

58 1455 116 1533 ligi:
134 1451 283 1533 responsio
303 1469 341 1512 ex
360 1456 498 1510 contextu
518 1456 602 1532 peteo
623 1468 640 1509 a
659 1457 717 1526 est,
742 1451 889 1512 detentum
909 1452 995 1512 fuisse
1015 1459 1045 1513 et
1064 1453 1182 1512 constri-

59 1541 123 1594 ctum
143 1535 172 1592 in
196 1529 346 1612 perplexis
369 1529 529 1603 doloribus,
559 1536 588 1590 ct
612 1529 696 1592 lentis
720 1534 869 1592 tormentis
893 1531 981 1592 fuisse
1005 1532 1183 1608 disbactum,

61 1613 136 1674 donec
157 1612 229 1677 bene
256 1611 384 1671 domitos
408 1616 632 1688 mansuesceret:
664 1610 743 1690 quod
767 1613 935 1692 principium
960 1617 1004 1670 est
1028 1613 1183 1692 quaerendi

61 1693 166 1752 remedii.
184 1691 270 1752 Unde
292 1692 394 1750 iterum
413 1689 583 1771 colligimus,
602 1710 662 1750 nou
681 1689 785 1751 frustra
800 1691 894 1752 iterari
908 1692 1106 1771 castigationes
1120 1693 1182 1772 qui·

62 1773 104 1834 bns
119 1775 146 1834 in
163 1791 215 1832 nos
235 1770 353 1830 videtur
371 1767 453 1830 Deua
472 1771 591 1843 saevireq
610 1787 665 1830 nec
683 1769 788 1830 frustra
807 1790 923 1830 manum
944 1771 1005 1830 eiua
1024 1767 1183 1852 aggravari,

61 1854 137 1912 donec
153 1852 257 1924 mocio
277 1856 377 1910 nostra
396 1849 573 1926 succumbat,
597 1851 810 1930 quam-scimus
834 1869 897 1912 esse
921 1850 1103 1926 indomitam,
1125 1853 1182 1914 nisi

64 1931 193 1993 cummis
210 1930 309 2011 plagis
327 1935 453 2010 cogatur.
484 1957 491 1968 ·

136 2111 356 2184 abscessum
378 2135 488 2180 meum
509 2111 565 2178 tibi
587 2121 700 2180 uotum
722 2111 792 2196 ieci,
814 2121 846 2180 et
866 2093 1062 2203 iniquitatem
1078 2135 1184 2182 meam

66 2243 117 2286 nou
127 2221 288 2288 abscondi:
311 2217 385 2300 dixi,
407 2216 591 2286 Confitebor
612 2241 709 2310 super
724 2241 777 2286 me
788 2215 890 2286 scelus
906 2242 1015 2286 meum
1031 2219 1184 2292 lebovacr

65 2338 91 2394 et
106 2339 135 2394 tu
153 2327 304 2397 remisisti
325 2349 445 2394 noxam
468 2325 585 2416 peccati
607 2325 680 2396 mei.
707 2323 813 2392 Selah.
859 2325 890 2392 6.
925 2324 1095 2416 Propterea
1118 2351 1184 2396 cra·

64 2432 99 2497 bit
117 2433 150 2498 ad
169 2445 199 2505 te
221 2432 333 2500 omnis
357 2444 539 2498 mansuetus
562 2442 708 2522 tempore
729 2431 925 2500 inveniendis
952 2433 1063 2524 utique
1085 2433 1117 2500 in
1141 2433 1185 2502 di·

64 2537 134 2606 lucio
152 2563 306 2630 aquarum
326 2537 496 2606 multarum
512 2535 552 2605 ad
566 2561 641 2606 eum
658 2560 724 2606 nou
742 2537 1048 2630 appropinquabunt.
1078 2539 1107 2608 7.
1131 2539 1185 2608 'l'u

65 2644 204 2716 btibulnm
224 2645 324 2728 mibi,
351 2669 369 2712 a
391 2644 590 2714 tribulatione
612 2643 772 2714 custodies
793 2667 862 2728 me,
883 2645 1010 2714 canticis
1032 2645 1185 2716 liberatio·

66 2751 104 2818 uis
122 2751 323 2822 circumdabis
345 2775 408 2819 me.
441 2749 547 2819 Selab.

132 2901 158 2960 5·
175 2901 337 2960 Psccoisssrs
346 2919 441 2958 meam
460 2907 565 2956 uotum
581 2897 650 2972 feci.
671 2893 731 2956 lam
741 2895 851 2956 exitum
861 2913 929 2956 suae
939 2897 1068 2958 miseriae
1079 2897 1184 2959 deseri·

68 2973 256 3058 bitPropbatu‘
270 2984 306 3038 ut
323 2979 384 3036 eius
403 2977 557 3050 felicitatis,
577 2977 612 3035 da
633 2994 689 3055 qua
714 2977 852 3044 meminit,
876 2977 1030 3056 potiundae
1050 2978 1183 3038 omnibns

69 3057 230 3139 inpromptu
249 3050 381 3196 eippsita
401 3059 437 3116 sit
456 3059 539 3116 ratio.
560 3054 660 3134 Quum
681 3075 749 3135 crgo
768 3055 918 3116 infeliciter
937 3075 1003 3116 cnm
1017 3064 1134 3138 ungeret
1150 3077 1183 3118 ac

70 3141 192 3215 torqsscret
209 3139 283 3197 irae*
320 3139 346 3197 ei
364 3155 478 3209 amaus,
503 3133 575 3196 baec
593 3137 676 3196 unica
695 3135 800 3196 levatio
818 3135 887 3211 luit,
910 3136 1033 3216 ingenue
1053 3155 1084 3196 ss
1105 3127 1183 3198 dnm·

70 3231 123 3273 nare
139 3235 230 3276 eoram
245 3216 386 3292 ·Deo‚-ct
411 3216 447 3275 ad
466 3217 566 3276 reniae
586 3215 816 3298 deprecationem
835 3215 1000 3297 suppliciter
1019 3217 1182 3298 coningere.

70 3290 121 3353 Non
138 3295 199 3356 dicit
218 3305 315 3358 autem
334 3296 500 3378 simpliciter
518 3295 571 3356 sibi
590 3299 619 3356 in
640 3302 764 3358 mentem
784 3297 896 3356 venisse
915 3303 1042 3378 peccata,
1063 3305 1184 3360 namet

72 3371 128 3432 bain
149 3384 175 3436 et
192 3375 279 3438 ludse
304 3377 379 3438 idem
404 3377 554 3456 contingit,
584 3375 634 3437 sed
659 3376 741 3438 nullo
765 3375 908 3456 proiectu:
938 3377 1006 3457 quia
1031 3377 1100 3436 dum
1129 3379 1183 3438 sibi

71 3451 130 3513 mals
146 3459 246 3517 conscii
265 3464 334 3518 snut
352 3455 476 3538 reprobi,
501 3475 567 3516 non
580 3457 712 3517 desinunt
731 3457 839 3536 seipsos
858 3455 988 3532 exedere,
1012 3463 1041 3516 et
1061 3456 1183 3520 fremere

72 3531 187 3596 adversus
205 3534 315 3598 Deum:
339 3539 398 3597 imo
419 3537 550 3616 quamvis
569 3538 673 3597 invitos
693 3536 730 3598 sd
748 3537 885 3596 iudicium
905 3554 989 3596 suum
1009 3543 1109 3618 cogat,
1133 3559 1182 3599 cu·

72 3621 152 3688 percnt
169 3623 260 3678 tamen
281 3637 312 3677 se
330 3615 512 3677 abscondere.
553 3613 612 3676 Sed
631 3615 679 3676 bic
697 3617 783 3697 longe
803 3616 914 3677 diversa
940 3618 1050 3697 peccati
1074 3621 1182 3699 agnitio

73 3689 227 3768 describitur,
247 3697 314 3756 dum
336 3697 443 3758 scilicet
462 3703 594 3792 peccator
612 3704 716 3834 sploute
735 3697 771 3754 ad
792 3693 888 3756 Deum
908 3713 939 3756 se
957 3697 1084 3756 confert:
1114 3701 1182 3779 quia

72 3785 136 3862 spem
153 3775 246 3836 salutis
265 3795 324 3837 non
343 3779 373 3836 in
393 3777 550 3857 perrrcacic
569 3777 616 3836 vel
655 3776 790 3857 ypocrisi,
809 3775 859 3835 sed
879 3778 908 3836 in
928 3779 1029 3838 umiae
1049 3778 1182 3860 depreca-

73 3853 135 3940 bone
150 3856 252 3918 statuit.
281 3855 360 3917 liceo
383 3857 459 3916 enim
478 3856 638 3916 voluntaria
657 3855 799 3918 consessio
819 3875 885 3916 cum
904 3855 962 3916 lida
981 3875 1095 3938 semper
1114 3877 1182 3918 con·

73 3937 149 3990 runnu
171 3942 225 3995 esta
253 3939 319 4018 quia
343 3935 449 4016 alioqui
474 3935 596 3996 latebras
621 3955 734 4018 semper
757 3935 881 4018 captabit
904 3944 1050 4018 peccator,
1078 3937 1181 4017 quibus

73 4005 169 4090 effugiat
185 4024 367 4098 conspectum
387 4015 453 4090 Dei,
471 4035 506 4076 ae
524 4015 611 4078 verba
632 4015 752 4076 Doridis
771 4023 868 4098 aperte
887 4017 1049 4091 ostendunt,
1073 4019 1182 4078 sincere

75 4092 144 4149 ster
160 4098 250 4154 animo
269 4097 407 4178 prodiisse
425 4104 491 4156 unte
505 4094 561 4156 Dei
582 4096 694 4171 oculos,
713 4115 751 4156 ne
770 4097 838 4176 quid
858 4095 970 4158 celaret
996 4095 1069 4155 Nam
1090 4110 1181 4176 quum

75 4165 127 4227 dicit
143 4190 170 4232 se
181 4181 279 4236 notum
291 4177 562 4257 lecissepeccatuin,
582 4196 636 4238 nac
649 4177 844 4237 abswndisscr
864 4177 1004 4257 posterius
1021 4177 1181 4236 membrum
1288 4205 1295 4218 =
1336 4223 1340 4232 .

75 4263 140 4309 more
156 4249 288 4316 Hebraico
311 4243 598 4338 st'ampttfiosndnm
622 4257 744 4318 additur.
786 4255 884 4335 Quare
909 4255 1028 4316 dubium
1052 4275 1110 4314 non
1136 4261 1182 4324 est

77 4327 233 4404 multavit
248 4351 347 4396 coram
360 4334 427 4397 Deo
446 4355 478 4397 se
496 4339 608 4410 sistens,
628 4355 728 4398 sensus
748 4355 848 4398 omnes
866 4355 935 4396 suos
955 4333 1094 4395 effuderit.
1119 4333 1181 4396 Sci·

77 4421 130 4470 uus
145 4417 241 4520 utana
257 4416 504 4479 msis‘extennent
522 4416 700 4531 hypocriten,
718 4417 766 4480 rei
785 4417 868 4480 ineos
886 4413 1032 4492 inducant,
1057 4414 1105 4478 vel
1124 4422 1181 4477 trr-
1233 4463 1235 4468 .
