2836 4886
373 375 381 386 ,
488 329 822 372 tarnennuxrr.
1170 329 1224 387 457
1303 347 1310 358 .

21 454 234 516 damnaret
256 473 369 518 caecam
398 453 548 516 hominnm
573 449 809 524 incredulitatem,
839 453 943 534 quibus
964 453 1053 514 satius
1072 459 1117 514 est
1141 458 1223 516 vanis

21 535 226 596 illecebris
245 555 277 598 se
295 535 436 617 decipere,
456 553 544 616 qnam
564 535 648 598 mmet
669 531 725 594 Dei
750 531 1001 614 promissionibus,
1026 553 1101 615 quae
1125 533 1224 596 fallere

26 622 238 696 nequeant.
277 613 371 677 Porro
401 616 469 696 quia
492 620 601 674 murtam
629 615 786 674 vanitatem
817 611 1046 694 deprehendebat
1071 611 1168 675 David
1193 617 1223 676 ln

26 695 165 756 electis
191 695 335 756 Abrahae
354 693 431 770 titiis,
451 695 622 776 pronunciet
646 694 675 752 in
701 711 806 773 genere
831 699 926 754 toturn
952 692 1110 766 burnapuua
1134 713 1224 777 genus
1320 741 1346 766 .,

31 775 239 838 mendaciis
258 795 322 836 esse
341 773 477 836 deditum.
497 771 571 834 Nam
596 792 648 854 per
666 771 835 832 adverbium
854 774 924 840 'tl'lt
944 772 1085 854 significat
1104 781 1224 834 cunctos

34 855 119 914 sinc
152 856 341 938 exceptione
365 861 501 934 appetere
525 851 637 912 e'rrandi
662 870 787 914 cansam.
832 849 892 912 lam
918 869 989 912 vero
1014 851 1064 912 ubi
1092 855 1225 913 audimus

34 953 118 995 uon
150 935 190 996 in
224 937 323 1016 paucis
348 931 510 994 bominibus
530 931 657 992 damuurl
682 930 758 992 hanc
777 931 956 1012 pravitatem,
975 938 1010 994 nt
1029 932 1156 994 vanitate
1174 951 1223 992 va·

41 1016 170 1076 micres
195 1017 266 1090 sint,
291 1013 340 1076 sed
360 1017 390 1074 in
409 1016 470 1094 ipsa
491 1019 603 1076 naturae
629 1011 699 1092 quid
717 1011 865 1091 residuum
882 1009 945 1070 lieri
964 1011 1090 1074 dicemus
1109 1014 1226 1087 rationi,

42 1101 85 1155 ct
110 1095 311 1175 prudentiae,
330 1111 364 1153 ac
384 1085 473 1152 libero
493 1091 628 1152 arbitrio?
646 1089 707 1152 Nec
727 1089 821 1152 obstat
840 1090 917 1188 quod
928 1089 1025 1152 fideles
1046 1091 1102 1153 boc
1120 1092 1223 1152 morbo

78 1181 185 1254 urget
210 1174 303 1236 Deus:
328 1173 395 1254 quia
420 1173 444 1231 el
469 1173 682 1252 regeneratione
701 1169 832 1252 Spiritus·
850 1189 880 1230 ιιι
899 1169 956 1230 illis
975 1171 1127 1253 corrigitur
1145 1191 1224 1232 meu·
1340 1229 1357 1252 y,

47 1195 200 1314 dacium
220 1261 249 1314 et
270 1255 387 1325 vanitas,
406 1271 438 1312 se
459 1253 537 1312 uitur
555 1257 657 1312 aalma
676 1249 765 1312 luisse
779 1249 939 1312 mendaces.
970 1248 1031 1330 Etsi
1051 1257 1148 1311 autem
1167 1253 1225 1332 pri·
1259 1252 1267 1268 ‘

51 1351 138 1394 mue
164 1333 261 1394 homo
280 1335 426 1412 integere
476 1351 512 1392 eo
531 1337 645 1392 creatus
664 1335 717 1404 esi,
736 1347 791 1390 suo
810 1336 906 1390 temen
915 1329 998 1410 lapsu
1016 1330 1046 1390 ln
1067 1330 1141 1392 banc
1161 1349 1223 1390 cor·

54 1415 247 1494 ruptionem
267 1431 320 1473 nos
340 1413 437 1486 traxit,
457 1419 491 1472 nt
510 1429 629 1493 prorsus
648 1409 866 1471 obtenebratum
885 1410 921 1472 sit
935 1409 1073 1490 quicquid
1092 1410 1164 1470 lueis
1184 1411 1225 1470 di-

52 1493 189 1552 vinitue
209 1491 292 1554 nobis
306 1491 411 1552 ,datum
430 1498 500 1551 erat.
540 1489 640 1571 Siquis
663 1489 791 1563 obiiciat,
815 1489 939 1550 residere
962 1496 1060 1550 tamen
1084 1489 1114 1548 in
1134 1489 1225 1550 bonai·

4 1597 5 1604 ι
56 1569 161 1632 nibus
184 1591 247 1632 non
266 1571 426 1653 spernenda
446 1569 501 1631 Dei
526 1571 618 1644 dona,
642 1569 746 1649 quibus
770 1569 844 1628 iuter
868 1587 967 1628 omnes
992 1569 1061 1630 alias
1081 1576 1225 1629 creaturas

55 1651 243 1712 excellunt:
263 1651 368 1712 solutio
388 1649 478 1710 lucilia
497 1655 550 1724 est,
571 1647 713 1727 Quamvis
737 1645 888 1730 praeclaris
912 1647 1026 1708 dotibus
1050 1641 1234 1720 ornati'sint

4 1771 5 1784 .
56 1729 230 1804 homines,
259 1731 406 1811 corrumpi
429 1735 524 1789 tamen
550 1729 659 1809 peceati
684 1725 763 1803 labe,
791 1733 821 1788 et
845 1745 1015 1787 evanescere
1039 1728 1070 1788 iu
1094 1727 1225 1788 nibilum.

60 1809 147 1870 Sola
172 1811 251 1870 enim
271 1804 328 1870 Del
347 1809 473 1890 cognitio
492 1807 559 1868 lacit
577 1813 611 1868 ut
630 1813 712 1868 stram
724 1807 929 1904 praestantiam
949 1806 1069 1882 retineat
1088 1807 1225 1888 quicquid

61 1889 227 1948 donorum
247 1889 276 1948 iu
296 1905 350 1949 nos
369 1887 492 1950 contulit
511 1885 605 1947 Dens:
625 1887 681 1947 alio
723 1907 732 1946 ι
756 1887 892 1946 vitiantur
937 1886 1026 1946 cecati
1046 1888 1225 1966 contagione,

64 1967 484 2108 exsiccarent:
499 1905 1103 2108 amblsclmlmm

156 2129 211 2188 11.
231 2129 281 2188 lie
305 2129 472 2206 confidatis.
513 2125 568 2188 llic
592 2125 727 2186 admonet
746 2123 856 2196 David,
876 2141 935 2184 non
955 2129 1023 2184 aute
1042 2123 1133 2185 solide
1152 2143 1223 2186 con·

67 2205 171 2266 fidere
192 2205 323 2267 beminen
332 2205 408 2281 Deo,
427 2225 514 2284 quana
533 2206 666 2267 exuerint
685 2205 800 2266 fallaces
820 2221 918 2264 ornnes
938 2201 1066 2273 fiducias,
1086 2222 1160 2283 quae
1179 2212 1224 2266 to·

3 2335 5 2350 ,
72 2285 176 2346 tidem
201 2291 267 2346 sunt
293 2289 486 2346 avocamenta.
526 2280 628 2361 ltaque
653 2279 749 2339 omnia
774 2280 976 2359 impedimenta
1000 2282 1064 2341 tolli
1083 2281 1183 2354 iubet,
1196 2290 1226 2344 et
1340 2321 1344 2329 ι

69 2363 158 2422 vitiis
181 2383 256 2442 quae
275 2363 332 2425 Dei
350 2365 447 2425 locum
468 2365 621 2440 occupant,
639 2355 751 2418 animos
775 2359 899 2439 purgari.
934 2358 1108 2437 Quanquam
1128 2365 1225 2420 autern

71 2442 194 2580 :till
211 2447 324 2580 *etc
344 2439 482 2581 titt?
497 2439 721 2579 illidii?
747 2435 1058 2576 ,tltt‘ttltlt‘
1076 2457 1225 2576 iiiiii

5 2597 11 2610 '
75 2599 233 2658 contrariis
252 2601 329 2658 omni
408 2599 518 2658 fiduciis
545 2597 724 2676 explicuerit.
766 2593 822 2654 Per
846 2596 959 2676 rupinas
978 2601 1008 2654 et
1026 2557 1162 2676 p’raedem
1182 2597 1225 2656 iu·

3 2745 4 2748 Ἴ
48 2751 52 2762 ,
76 2677 212 2758 telligere
231 2697 381 2760 possumus
400 2683 460 2738 tam
479 2679 574 2757 ipsum
594 2675 721 2756 rapiendi
741 2681 847 2749 actum,
868 2693 956 2754 quam
975 2693 1021 2734 res
1041 2657 1116 2734 mdln
1136 2682 1165 2734 et
1183 2677 1224 2734 in·

77 2762 157 2818 iuste
173 2763 281 2852 partas.
321 2755 440 2818 Certant
460 2755 576 2838 quidem
596 2763 640 2815 est
654 2753 710 2814 bac
719 2753 919 2815 exhortatione
938 2755 1056 2834 reprimi
1075 2753 1224 2814 libidinum

78 2837 247 2912 audactam,
271 2855 345 2920 quae
369 2843 479 2897 mentes
502 2841 652 2910 excaecat,
672 2841 705 2893 ut
724 2834 810 2894 licere
829 2839 931 2913 putent
951 2833 1087 2914 quiequid
1106 2835 1225 2914 impune

80 2915 256 2976 conceditur.
301 2917 334 2976 ln
360 2923 497 2977 contextu
522 2917 607 2975 etiam
631 2913 744 2974 variant
773 2915 950 2994 interpretes.
996 2911 1123 2992 Quidam
1147 2917 1224 2974 enirn

84 2995 206 3076 siugulis
224 2994 387 3056 nominibus
406 3015 458 3056 sua
477 2994 565 3056 verba
585 2992 752 3064 attuibuunt,
773 2993 829 3052 buc
848 2993 945 3064 modo,
965 2989 1008 3052 Ne
1023 2991 1173 3052 confidatis
1193 2995 1223 3054 in

83 3078 206 3215 {atti
222 3071 1225 3232 ¹²⁰rttttl‘lt..⁵t.tt¹:lt.d..tillst.titillabit?

82 3233 153 3294 bum
171 3241 266 3294 aulen
286 3235 471 3296 evanescendi
490 3251 620 3294 seorsum
630 3231 774 3292 indefinite
794 3233 902 3312 legunt.
931 3228 1221 3309 Utramvissyntaxin
1319 3246 1325 3255 ·

84 3315 180 3394 eligas,
199 3333 259 3374 non
278 3315 401 3374 multum
422 3314 458 3374 ad
479 3331 621 3374 summanr
642 3313 683 3374 rei
702 3313 834 3372 interests
862 3311 929 3390 quia
949 3309 998 3370 nbi
1018 3327 1151 3370 vcsauam
1171 3327 1222 3371 au-

83 3393 201 3470 daciam,
262 3394 388 3454 aiuilati
408 3399 475 3454 sunl
492 3391 661 3476 praedones,
682 3391 827 3452 damnavit
846 3387 1000 3470 Propheta,
1020 3393 1137 3470 proprio
1157 3409 1220 3451 eam

83 3475 221 3614 ltili..
241 3471 701 3615 “rb‘l'bl'¹lla⁸lll“ssdll³
717 3469 1222 3629 lt.lt.⁸t⁰’.{.¹¹.‘¹tt.tt²⁰tttl

84 3631 149 3694 Deo
166 3633 202 3694 ad
222 3640 367 3694 creaturas
388 3573 445 3696 ἔοι
464 3630 645 3705 abstrabunt,
669 3571 790 3690 lugorim
813 3591 876 3688 easc'
896 3647 930 3688 ac
950 3569 1129 3702 mendaces?
1138 3647 1220 3710 prae·

88 3713 182 3774 scrtlnn
201 3711 251 3774 ubi
270 3713 352 3774 unalis
372 3719 402 3774 et
421 3713 561 3794 perversis
581 3709 688 3771 artibus
708 3709 846 3769 ditescere
861 3727 897 3790 ap
935 3709 1031 3770 timus.
1060 3705 1220 3788 Postquam

88 3799 177 3852 autem
202 3811 306 3876 pravas
330 3792 500 3875 cupiditates
519 3792 674 3862 damnavit,
693 3790 723 3849 in
742 3787 846 3870 quibus
865 3807 884 3868 p
913 3807 960 3846 anr
978 3793 1097 3869 apparet
1117 3789 1222 3862 scelus,
1350 3857 1354 3864 Δ

90 3870 195 3931 subiicit
213 3873 350 3934 contiuno
369 3878 446 3955 post,
465 3871 624 3933 cavendnm
648 3871 734 3930 eliam
757 3885 820 3929 esee
844 3885 881 3927 ne
900 3887 969 3947 opes
989 3868 1120 3945 quamvis
1138 3869 1220 3929 iustis

91 3949 175 4009 modia
198 3959 306 4032 partae,
329 3971 384 4014 nos
408 3958 524 4013 teneant
547 3951 599 4010 sibi
624 3949 736 4010 allisos.
776 3946 869 4008 Porro
889 3951 950 4009 Cor
968 3949 1096 4007 adiicere
1114 3947 1157 4006 od
1175 3949 1220 4005 di·

90 4035 179 4102 nitius,
198 4049 256 4091 non
275 4038 388 4094 tantum
407 4031 547 4113 siguificat
567 4026 774 4110 nimis-cupide
787 4027 824 4090 ad
844 4045 893 4087 eas
911 4024 1030 4096 inhiare,
1049 4025 1099 4084 sed
1120 4027 1218 4086 eanum

92 4103 186 4167 liducia
205 4127 352 4190 perperam
372 4112 476 4186 ellerri,
496 4117 526 4172 et
546 4111 635 4171 altum
659 4127 767 4190 sapere,
793 4113 827 4167 ut
851 4106 919 4166 dicit
938 4103 1046 4163 Paulus
1065 4101 1151 4163 Rom.
1172 4123 1219 4164 ea·

90 4186 144 4266 pite
160 4191 209 4263 11,
228 4207 314 4250 versu
333 4195 383 4254 20.
422 4191 482 4252 lam
501 4210 573 4250 aero
593 4208 680 4272 quana
699 4207 759 4248 uon
779 4203 954 4266 supervacua
974 4185 1011 4244 sit
1031 4181 1102 4243 baec
1120 4183 1217 4244 aduro

90 4265 346 4348 ultramarinam
365 4288 420 4332 usu
440 4271 585 4331 docemur.
625 4267 702 4330 Nihil
727 4267 802 4328 euim
827 4265 917 4345 magis
942 4276 1109 4334 commune,
1129 4281 1218 4343 ᾳιιιιιι

91 4344 213 4408 ferociam
233 4347 310 4430 gigni
330 4349 572 4415 exabundantia:
593 4343 703 4409 mebtea
723 4344 879 4406 verolastu
898 4347 1065 4404 excaecatas
1085 4361 1144 4402 uon
1163 4342 1218 4400 mi·
1320 4350 1324 4363 “

89 4443 137 4486 nus
156 4427 184 4488 in
202 4425 300 4490 Deum
325 4431 496 4510 protervire,
522 4447 611 4509 quam
629 4425 800 4490 insolescere
819 4422 932 4568 cgppi·
945 4420 1066 4484 nocendi
1095 4421 1216 4496 licentia,
