2804 4890
95 289 105 319 ι
183 285 237 346 223
558 271 568 326 ’,
612 281 901 327 recurrens
960 265 969 272 “

186 423 286 472 sensns
305 429 373 471 snos
392 409 427 470 iu
442 406 568 470 merium
586 407 723 490 proicere.
757 405 857 469 Primo
876 407 954 482 dicit,
974 405 1076 468 cenius
1093 425 1174 484 snos,
1193 407 1325 482 animm,

186 499 216 556 et
235 497 363 557 ventrem
382 487 561 550 contabuisse
585 505 731 562 moerore»,
754 489 832 560 unde
852 493 986 569 appetet,
1009 505 1063 547 nec
1087 487 1201 563 levita,
1221 507 1277 548 nec
1295 490 1328 548 sd

186 572 274 632 breve
293 577 406 652 tempus
426 568 470 628 his
490 568 630 628 motorum
650 568 897 629 tormentisfnisse
915 572 1062 627 vexatum.
1091 565 1135 626 iia
1149 575 1232 628 certe
1252 589 1329 628 men·

186 651 337 713 suetudine
356 649 501 729 praeditus
520 654 591 721 eret,
611 654 643 707 ut
652 667 711 708 nnn
721 647 940 708 excandesceret
951 648 1057 727 exigno
1077 647 1217 727 impnisu,
1238 665 1330 728 neque

187 732 315 792 tristitiae
334 729 549 810 intemperantia
569 747 599 787 se
619 726 781 788 conticeret.
821 726 934 786 Deinde
954 727 991 784 ad
1010 727 1086 786 maia
1105 727 1258 787 toleranda
1278 731 1330 808 pri·

189 811 254 872 ders
275 816 337 869 erat
356 808 538 868 assuefactus.
568 806 644 888 Ergo
654 827 714 867 non
733 808 788 868 nisi
807 805 966 880 durissime,
985 807 1045 868 imo
1064 807 1224 868 incredibili
1246 809 1330 868 modo

189 891 321 962 afflictos,
341 907 478 968 eousque
498 886 696 966 indignationis
707 887 845 968 prorupit.
870 885 931 945 ism
951 905 1002 965 per
1020 903 1122 946 vocem
1142 885 1218 960 irae,
1239 895 1331 948 osten·

191 971 232 1030 dit
250 989 311 1029 non
330 969 370 1028 itu
389 987 420 1027 se
438 969 468 1026 in
487 970 645 1026 constantia
664 967 797 1039 ferreum,
816 965 865 1038 vel
883 969 1047 1047 passionum
1062 973 1215 1046 expertem
1238 967 1330 1040 inber,

189 1050 259 1192 grip
283 1048 578 1186 prqpuprperetseiuqi
592 1046 736 1186 dqlppnad
759 1044 1163 1186 nimiametrqipqqreugtiappispet
1185 1046 1331 1186 purpprppp.

219 1145 594 1199 necormus,ance
693 1145 848 1201 ussa,
1319 1147 1331 1185 s

190 1147 386 1292 passionibus5¹
394 1213 553 1266 certamen:
579 1225 632 1266 nec
657 1226 758 1266 eornm
776 1145 941 1286 qiitientiom
962 1204 1049 1265 inisse
1067 1206 1230 1266 immunem
1250 1207 1332 1266 e‘tri·

190 1287 349 1362 stitio,1sed
366 1287 451 1346 anxie
470 1286 615 1360 luctando,
634 1285 691 1346 hoc
710 1285 825 1346 undem
840 1303 903 1345 esse
922 1284 1050 1364 adeptos,
1068 1303 1106 1344 ne
1125 1285 1331 1346 eosmalornm

189 1369 336 1448 congeries
356 1366 496 1426 obrueret.
522 1364 579 1426 Per
598 1375 690 1434 etium
704 1365 867 1446 intelligunt
885 1365 1002 1444 quidem
1012 1365 1329 1446 sensnsritsiesrqnod

191 1450 244 1510 etsi
269 1467 329 1516 non
353 1465 470 1527 prorsus
496 1446 606 1519 reiioio,
634 1445 800 1526 simpliciter
823 1449 920 1504 tumen
944 1463 1090 1525 exponere
1114 1445 1227 1526 piacet,
1254 1445 1329 1524 qnod

190 1537 321 1591 mauors
339 1531 535 1605 consumptus,
554 1526 643 1585 vitam
652 1543 734 1586 suom
744 1531 774 1584 et
783 1543 873 1584 annos
883 1524 1000 1584 eiiiuere
1009 1530 1039 1584 et
1058 1523 1183 1584 deiicere
1202 1528 1327 1584 senserit.

190 1609 288 1687 Atque
313 1606 357 1666 his
380 1605 476 1666 verbis
500 1607 603 1666 iterum
628 1625 687 1666 non
712 1611 772 1666 ianr
797 1600 1056 1675 moltitiem'sunm,
1080 1623 1171 1684 quous
1190 1605 1327 1664 maiorum

190 1688 369 1749 dronitstem
390 1685 529 1766 depiorot,
548 1687 601 1745 etsi
611 1683 753 1745 Davidem
773 1685 891 1744 minime
932 1683 1011 1743 udnit
1023 1682 1218 1744 infirmitatem
1236 1703 1323 1758 mern,

190 1768 237 1828 cui
257 1766 412 1826 remedium
432 1759 596 1845 quaerebat,
606 1765 694 1826 libere
712 1765 804 1824 interi.
834 1704 1009 1840 Quoddicit,
1029 1765 1137 1824 Robur
1155 1785 1241 1823 suu·
1256 1787 1324 1824 con-

191 1849 297 1910 cidisse
316 1847 368 1906 sud
386 1867 544 1919 mnino,
584 1847 679 1905 nidum
703 1837 870 1924 interpretes
889 1843 1014 1918 malunt,
1039 1841 1101 1902 sot
1122 1843 1279 1922 iniquitate,
1296 1849 1325 1904 et

149 2003 153 2018 .
193 1932 256 2020 tw,
275 1925 375 1998 iateor,
400 1931 552 2006 utrumque
616 1922 891 2020 bra'eiseigniiicut,
920 1923 979 1982 imo
1003 1925 1117 2004 saepius
1142 1922 1278 2018 deliptnnr
1299 1929 1328 1982 et

191 2006 239 2065 cul
261 2024 321 2064 ome
341 2003 391 2063 sed
411 2024 501 2084 quum
526 2023 579 2084 pro
600 2022 694 2085 poene
717 2002 862 2062 interdum
886 2009 1025 2076 sumatur,
1044 2002 1126 2082 qnod
1143 2003 1248 2062 melros
1265 2022 1327 2063 coo·

191 2027 285 2146 serint
311 2102 468 2163 congruere
492 2083 586 2142 risum
616 2087 673 2156 cst,
699 2081 781 2162 elegi.
826 2079 1001 2177 Quanquam
1028 2089 1126 2142 eutem
1150 2101 1254 2172 verum
1278 2090 1326 2178 est,

145 2225 150 2234 ¹
191 2161 813 2302 ttttittt'tdtittttitttt
826 2159 1326 2304 {trittirttttttitt

192 2263 324 2396 suiriice't,
343 2261 554 2401 probriiiIeest,
573 2340 633 2380 rem
654 2339 739 2380 onam
751 2319 880 2401 pluribus
889 2321 982 2382 nrndis
1001 2339 1055 2381 sno
1069 2337 1150 2382 more
1160 2283 1324 2460 eriprimere.

242 2432 244 2440 ·
274 2405 322 2462 tt.
341 2403 474 2480 Propter
498 2417 597 2462 omnes
619 2403 715 2461 hostes
737 2413 827 2460 necor.
865 2399 922 2460 Atti
947 2406 1078 2474 redunt,
1101 2419 1173 2480 pree
1214 2403 1326 2474 mitre

194 2488 224 2541 et
243 2482 310 2560 qnia
329 2480 411 2540 litera
430 2483 460 2545 D
479 2498 565 2559 saepe
583 2481 661 2574 upnd
674 2478 825 2540 ¹Hebraeos
836 2497 898 2539 conr
921 2482 1029 2540 orative
1047 2482 1196 2560 accipitur,
1217 2501 1326 2541 sernum

194 2560 272 2622 hunc
296 2559 425 2632 eliciunt,
450 2558 528 2638 qnod
553 2561 641 2620 amici
660 2567 691 2620 et
711 2558 867 2621 familiares
891 2499 1011 2620 doridis
1036 2579 1103 2620 eum
1122 2579 1212 2657 sopra
1232 2581 1325 2622 omnes

133 2705 136 2711 ,
194 2642 253 2701 eius
278 2639 373 2698 hostes
398 2637 568 2718 probrosum
593 2639 745 2700 duxerunt.
779 2637 849 2698 ‚Sed
873 2640 963 2713 aliud,
990 2639 1201 2713 meoiudicio,
1226 2643 1325 2701 voluit:

192 2739 283 2800 qnunr
303 2717 408 2800 poesim
427 2724 502 2782 esset
521 2736 636 2794 exosus,
656 2725 749 2778 totum
791 2737 807 2778 e
826 2717 886 2778 fere
896 2719 1037 2800 populum
1045 2721 1074 2778 in
1085 2739 1167 2779 susm
1177 2720 1325 2781 sectionem

192 2798 346 2860 traxissent
369 2797 479 2872 hostes,
502 2797 618 2859 infamia
642 2811 753 2879 scopu
798 2799 905 2858 omicos
930 2805 960 2859 et
983 2800 1161 2880 propinquos
1186 2803 1326 2882 flagrasse,

194 2880 277 2939 sicuti
296 2895 448 2938 commune
473 2877 607 2938 iudicium
632 2879 714 2958 qnasi
738 2878 863 2937 violenta
882 2885 1050 2960 tempestas,
1070 2879 1201 2960 abripere
1222 2883 1326 2940 animos

194 2965 306 3018 nostros
326 2957 412 3030 solet,
436 2952 502 3017 ideo
522 2976 556 3016 eo
578 2955 655 3017 ulam
676 2964 690 3028 i
715 2957 1015 3038 amplificandi'conso
1039 2961 1162 3040 positam
1183 2959 1271 3020 iuisse
1289 2981 1325 3020 ar·

195 3037 298 3098 bitror:
320 3037 398 3116 quod
418 3035 553 3098 detestnb'
567 3039 590 3096 is
603 3037 695 3104 ,inerit
704 3035 809 3108 David,
828 3057 886 3098 non
907 3037 1005 3098 olienis
1024 3039 1121 3114 modo,
1140 3039 1249 3120 quibus
1267 3048 1326 3100 ente

154 3173 156 3178 .
195 3117 287 3178 fuerat
310 3119 439 3196 ignotus,
469 3112 518 3176 scd
543 3119 703 3198 praecipuis
728 3117 834 3177 amieis.
872 3115 962 3180 Addit
984 3119 1085 3193 etiem,
1115 3139 1207 3198 quum
1232 3120 1327 3202 procui

195 3198 380 3276 adspicerent,
400 3196 512 3274 fugisse.
534 3194 607 3255 Nem
618 3195 752 3258 adverbio
765 3197 1008 3279 sorie,signiiicat
1022 3217 1080 3258 non
1091 3197 1179 3260 fuisse
1199 3200 1325 3280 dignatos

194 3279 329 3372 priscrom
354 3274 499 3370 pominem
522 3278 657 3358 propiore
682 3295 810 3373 aceessm
835 3278 894 3336 imo
918 3297 955 3337 nc
980 3297 1036 3358 qua
1056 3278 1124 3338 maii
1143 3282 1278 3372 cqutagio
1295 3280 1326 3338 ed

192 3358 1328 3520 tittttttttttttitttittttttt'tdistiti-'titini

275 3519 323 3576 1‘2.
353 3517 498 3590 Obiioiont
522 3517 651 3576 traditos
675 3539 750 3580 urm.
793 3513 980 3596 Prosequitur
1008 3517 1129 3578 eandem
1152 3522 1328 3593 sententiam,

195 3611 283 3673 seque
308 3613 367 3653 non
392 3613 474 3672 secus
499 3612 536 3654 ex
562 3597 689 3655 onrnitrm
713 3597 850 3655 memorio
876 3595 1001 3656 deletum
1025 3597 1112 3656 fuisse
1136 3601 1329 3678 conqueritur,

194 3673 253 3735 ecsi
273 3680 404 3734 mortuus
423 3675 530 3734 inisset
571 3673 632 3734 Etsi
651 3673 927 3755 entmquoruntam
947 3673 1157 3756 postmortem
1177 3681 1258 3760 viget
1274 3697 1329 3738 me·

194 3753 285 3813 moria
306 3753 382 3834 apud
402 3755 576 3836 superstites,
597 3755 813 3836 saepiustomen
833 3757 972 3896 coutinqit
990 3770 1173 3825 crunesoerer
1193 3761 1262 3840 quin
1280 3777 1330 3818 nec

196 3834 350 3914 quicquam
370 3840 414 3892 est
433 3835 604 3909 commercii,
624 3854 677 3895 nec
696 3835 755 3895 vivi
769 3841 899 3895 mortuos
919 3838 1016 3916 siquo
1037 3837 1123 3896 officii
1142 3857 1248 3919 genere
1266 3859 1328 3920 pru·

191 3914 277 3991 sequi
302 3917 352 3972 aut
376 3913 475 3972 iurorc
498 3915 643 3994 possunt*
672 3914 752 3974 Idem
780 3913 930 3976 confirmat
957 3916 1141 3976 similitudine
1169 3921 1247 3978 vasis
1270 3937 1331 3976 cor·

196 3993 285 4072 rupti,
310 4010 367 4072 qun
392 4001 537 4053 extremus
563 4000 744 4075 contemptus
772 4001 802 4054 ct
826 3993 945 4056 deiectio
969 4003 1099 4056 notatur:
1124 3998 1183 4056 acsi
1207 3997 1331 4070 dixisset,

200 4071 280 4130 nuile
300 4073 356 4130 iam
380 4072 445 4132 loco
465 4073 512 4132 rel
530 4091 651 4132 numero
675 4091 706 4133 re
725 4073 842 4154 dignum
861 4077 978 4136 censeri
1017 4076 1108 4136 Addit
1126 4083 1283 4156 postremo,
1302 4095 1331 4136 se

197 4151 1331 4308 stenaetirtrttretirerrtutte‘et

197 4308 312 4370 norm.
351 4251 421 4371 nis
445 4311 521 4371 urm
545 4253 666 4394 eugerii
689 4253 855 4395 iurgares,
876 4316 900 4374 u
920 4253 1072 4395 prsis,
1091 4317 1142 4396 qu
1160 4273 1223 4375 aad
1240 4257 1330 4376 „ii-¹...

196 4387 301 4450 iudicio
327 4406 415 4482 qqnnr
438 4391 748 4474 nonoritotcpoilent,
771 4413 827 4456 nos
851 4394 1008 4458 reducunt
1030 4404 1062 4460 et
1079 4396 1233 4474 inionem,
1253 4395 1330 4478 qussi
