2836 4886
201 271 255 330 450
631 247 917 310 reaumaus

284 397 312 459 8.
334 395 385 456 Ad
404 393 602 454 Deum'sotus
621 415 695 452 meo.
726 389 898 452 Accumulat
918 385 1079 472 quicquid
1093 390 1218 468 'potest
1237 381 1271 442 ed
1288 404 1311 444 se
1324 405 1348 446 rc·

204 477 365 540 tineuduru:
391 475 459 554 quia
481 469 553 534 nibil
578 471 735 534 infirmitati
760 473 862 532 caruis·
877 477 994 532 nostrae
1027 466 1218 550 proclivius
1238 471 1278 524 est
1294 483 1350 545 que

206 555 291 618 dilabi
318 553 353 616 ab
379 571 468 634 vagos
492 571 612 613 errores.
652 551 814 612 Fatebimnr
833 570 892 612 uno
912 550 1027 625 verbo,
1061 567 1135 608 nen
1159 545 1278 606 aliunde
1295 562 1352 622 quau

207 637 243 698 ab
255 639 317 716 ipse
337 633 487 716 petendam
508 633 628 692 salutem
648 649 723 692 esse:
743 631 793 690 sed
812 632 875 692 eius
895 631 1003 690 virtute
1030 627 1151 702 dissui,
1175 623 1249 685 hinc
1265 625 1354 684 inderer

205 719 317 877 titt
330 709 1088 874 cttssiztiitt³tiibiditt¹¹:3¹sitisti
1138 703 1356 846 ilidii*

205 877 245 936 ris
264 875 300 934 ad
319 874 509 934 constantiam
528 891 560 932 se
579 871 741 932 cunlrruratr
762 871 883 932 totidem
903 871 989 930 etiam
1011 830 1127 928 frenis
1146 865 1308 944 compescit
1358 859 1359 862 ’

206 957 251 1016 nis
270 973 339 1014 suae
358 953 515 1027 levitatem,
540 970 577 1012 nc
594 969 682 1032 quam
702 950 801 1012 salutis
820 969 889 1010 suae
907 957 1023 1031 partem
1048 947 1136 1008 alibi
1159 963 1256 1028 quam
1275 940 1360 1005 iubs

206 1039 334 1116 quaerat.
373 1031 532 1112 Postquam
550 1051 622 1092 vero
641 1029 731 1112 probe
750 1051 782 1092 ee
801 1033 946 1104 animarit,
966 1047 1162 1090 sennonem
1185 1023 1322 1086 convertit
1335 1016 1362 1083 d

206 1117 287 1188 alios,
307 1119 336 1174 et
355 1111 392 1172 ad
412 1111 597 1172 certaminum
613 1113 778 1172 societatem
793 1111 905 1184 inritat,
926 1127 999 1190 quse
1014 1107 1187 1169 victoriae
1203 1111 1235 1166 et
1250 1098 1358 1180 triumpb

79 1268 82 1278 .
207 1197 314 1277 pariter
343 1193 401 1252 sint
429 1195 585 1268 consertes.
624 1193 777 1272 Populum
800 1189 961 1272 appellens,
985 1188 1065 1250 milri
1097 1187 1239 1248 dubium
1262 1202 1315 1242 nun
1333 1182 1358 1240 u

229 1273 278 1332 niu
301 1271 423 1348 ludaeos
442 1269 587 1350 designet:
610 1273 678 1352 quia
697 1277 853 1350 numquam
873 1267 1012 1330 Gentibus
1032 1268 1210 1330 illuxisset
1229 1263 1327 1342 religia
1339 1261 1365 1354 “l

207 1295 264 1414 bet
288 1353 405 1426 notitia,
431 1371 489 1410 nun
515 1349 582 1412 alibi
601 1370 688 1430 quara
709 1352 738 1410 in
759 1350 864 1410 ludaeu
882 1351 978 1430 vigere
999 1353 1137 1430 poterat
1160 1363 1251 1427 spes,
1276 1360 1307 1401 ac
1322 1339 1357 1396 lld

208 1433 370 1494 invocatio:
395 1437 425 1492 ct
450 1431 527 1488 clare
553 1429 676 1491 electum
696 1431 837 1512 populum
857 1449 874 1490 a
894 1429 1021 1511 prolenis
1042 1426 1217 1488 Gentibus
1238 1421 1355 1482 discurrit!

209 1514 267 1574 acsi
288 1511 410 1584 diceret,
430 1511 577 1590 indignum
597 1529 660 1572 esse
680 1513 733 1570 nisi
754 1530 785 1572 se
803 1516 881 1572 totos
900 1507 1142 1570 Denuddicaut
1162 1501 1301 1567 Abrabae
1316 1497 1355 1566 fflb

209 1591 313 1672 quibes
334 1591 474 1671 patefacta
495 1597 538 1650 est
557 1593 618 1650 eius
638 1591 742 1670 gratia,
766 1597 796 1652 et
817 1609 890 1670 quos
909 1591 940 1650 in
960 1609 1045 1649 suum
1071 1585 1287 1672 patrocinium
1304 1593 1353 1637 rear

209 1673 260 1812 pit
277 1673 407 1752 Tempus
417 1675 513 1730 autem
524 1690 609 1731 omne
619 1671 750 1752 intelligit
760 1671 821 1730 sive
832 1689 1010 1751 prosperum,
1022 1671 1092 1730 sive
1104 1667 1284 1728 adversum:
1292 1657 1349 1737 sigui·

230 1769 298 1815 cans
323 1767 472 1832 perperam
497 1769 547 1810 cos
567 1750 661 1810 lacere
681 1752 731 1830 qui
751 1749 787 1810 ad
808 1751 954 1810 minimam
976 1765 1139 1830 quamque
1161 1741 1350 1806 inclinationes

210 1829 324 1904 cedunt,
344 1849 377 1890 ac
397 1829 546 1908 declipaut.
587 1827 728 1906 Quamvis
748 1831 846 1910 itaqnc
864 1829 1067 1890 afflictionibus
1091 1845 1175 1888 suos
1197 1815 1347 1906 pmbetellt·

210 1931 255 1986 us,
275 1911 387 1970 sortiter
406 1911 436 1970 iu
456 1929 507 1991 spe
526 1915 555 1970 ct
574 1911 722 1970 tolerantia
742 1911 876 1970 standum
896 1929 957 1970 esse
978 1909 1123 1970 admonet
1147 1901 1262 1966 David.
1299 1895 1347 1956 bum

211 1989 395 2070 hypocritae,
421 1991 471 2071 qui
491 1989 520 2048 in
540 1988 625 2050 rebus
644 1989 726 2050 laetis
746 1987 811 2050 Deo
831 1989 1014 2071 plaudentes,
1038 1988 1178 2048 simulac
1194 1973 1346 2061 contigisti

212 2070 283 2154 quid
307 2069 435 2145 adversi,
461 2070 563 2128 animis
583 2067 733 2141 deficiunt,
763 2089 820 2130 nan
841 2071 903 2130 sinc
926 2071 1006 2150 gravi
1028 2069 1094 2130 eins
1124 2065 1238 2128 iniuria
1261 2062 1343 2120 inumb

211 2149 400 2234 praecludunt
425 2149 487 2208 eius
513 2150 665 2229 potentiae.
706 2147 826 2210 Daudus
852 2151 950 2230 itaque
975 2148 1069 2210 bonor
1095 2154 1149 2210 cst
1170 2144 1258 2216 Deo,
1281 2135 1344 2198 neta

213 2230 386 2310 gravissimis
407 2227 568 2308 quibusque
588 2229 670 2288 matis
690 2229 774 2290 solari
795 2247 848 2290 nos
868 2230 977 2290 desinat
996 2228 1067 2290 baec
1087 2227 1261 2314 cogitatio,
1282 2229 1342 2300 pffl

76 2367 81 2374 .
212 2315 310 2392 ipsum
331 2327 393 2368 esse
413 2308 507 2366 exitus
528 2308 638 2370 mortis.
661 2307 720 2368 Iam
741 2309 807 2388 quia
828 2311 857 2370 in
877 2310 1021 2390 augustias
1040 2309 1267 2370 contrabuntur
1284 2291 1342 2356 0⁰¹it

211 2390 362 2450 bominum
386 2387 471 2448 rebus
497 2387 637 2463 adversis,
662 2395 691 2449 et
717 2388 773 2448 buc
792 2390 863 2450 vitio
883 2391 954 2452 nibil
973 2389 1049 2450 aliud
1068 2407 1176 2484 quam·
1191 2384 1299 2464 seipsos
1312 2393 1341 2432 Ψ
1367 2395 1372 2494 q

211 2465 597 2624 stillicidiali
616 2467 1341 2622 ebullissetstillicidiali

214 2628 368 2690 dammodo
394 2637 463 2690 orde
486 2636 550 2689 eiua
574 2631 675 2690 emulus
693 2631 787 2690 corde
804 2653 861 2691 suc
880 2631 1046 2716 effundunt.
1085 2625 1271 2708 Quantisper
1286 2612 1337 2674 ²¹¹5ss

214 2709 379 2771 obseratum
399 2715 443 2768 est
463 2727 514 2770 cor
532 2707 646 2785 dolore,
665 2729 814 2790 nunquam
833 2717 941 2774 exeunt
960 2709 1065 2770 liberae
1084 2725 1202 2790 preces·
1234 2697 1301 2777 Εῑεθ
1316 2705 1339 2748 l‘

219 2789 344 2850 obruant
364 2807 418 2848 uos
438 2789 629 2849 tentationum
649 2808 745 2862 onera,
765 2788 832 2849 binc
850 2791 933 2850 nobis
952 2790 1057 2850 levatio
1072 2785 1266 2870 petendaseb
1283 2765 1339 2854 ΨΜ

216 2867 385 2946 aegritudini
415 2875 529 2928 nostrae
553 2875 700 2929 succurret
719 2867 816 2944 Dens,
847 2870 934 2930 modo
958 2888 995 2930 ns
1019 2869 1049 2930 in
1072 2869 1153 2929 itlius
1180 2867 1272 2926 sinum
1293 2864 1337 2910 ΜΝ

213 2951 332 3012 relicere
356 2947 539 3030 negligamus.
581 2945 673 3008 Porro
699 2967 789 3028 quum
814 2949 938 3031 maligna
963 2947 1104 3030 quaedam
1128 2941 1273 3009 restrictio
1296 2947 1338 2990 um·

174 3033 179 3047 '
215 3031 297 3090 nium
323 3027 383 3087 lere
409 3029 519 3088 animos
539 3045 697 3108 occupans,
722 3029 838 3090 taudem
857 3029 887 3088 in
907 3029 1133 3110 desperationem
1155 3019 1294 3087 coniiciab
1312 3021 1335 3063 ‘⁰

216 3108 300 3170 nobis
325 3107 425 3186 utilior
445 3113 488 3167 est
508 3105 628 3166 Davidis
647 3107 812 3168 admonitio.
852 3106 926 3168 Nam
947 3111 1078 3190 quamvis
1097 3125 1201 3168 omncs
1221 3099 1257 3162 ⁸11
1274 3105 1337 3179 iffi?

214 3187 321 3250 nendos
346 3187 428 3246 malis
452 3187 511 3246 suis
531 3185 626 3244 caitus
644 3205 703 3246 non
723 3188 818 3246 minus
838 3188 957 3248 soler-tes
977 3189 1033 3250 sint
1052 3206 1141 3269 quam
1162 3179 1266 3250 seduli
1287 3181 1334 3249 lm

215 3275 312 3330 tamen
334 3263 399 3326 data
420 3283 507 3348 opera
528 3263 739 3346 subterfugiunt
757 3265 814 3326 Dei
834 3275 1029 3348 conspectum,
1048 3287 1144 3329 meros
1164 3263 1217 3326 sibi
1236 3250 1335 3337 labyn'q·

210 3347 283 3424 vthos
308 3343 456 3428 lubricant.
497 3343 529 3403 ln
554 3363 682 3421 summu,
707 3343 803 3406 David
828 3347 959 3408 morbum
979 3356 1098 3409 naturae
1117 3353 1235 3408 nostrae
1252 3337 1336 3414 ingem-

219 3431 280 3486 tum
301 3426 431 3505 corrigit,
451 3425 518 3505 quia
539 3423 667 3486 dolorem
687 3431 817 3486 nostrum
837 3427 1009 3503 occulendo,
1028 3427 1141 3488 benum
1160 3429 1238 3487 intus
1255 3409 1332 3476 r⁰d⁸¹⁸

214 3505 358 3566 malumus
395 3525 482 3584 quarn
507 3505 569 3585 pias
594 3505 786 3584 querimonias
811 3513 841 3566 ct
865 3526 962 3588 preces
987 3507 1063 3589 apud
1083 3505 1181 3568 Deum
1205 3485 1334 3562 luudffldb

216 3603 270 3644 uos
291 3583 397 3644 levare.
444 3583 528 3644 Unde
549 3582 582 3642 lit
602 3591 635 3644 ut
654 3585 744 3666 magis
764 3605 798 3646 ae
816 3589 907 3668 magis
926 3588 1055 3668 impliciti
1075 3587 1231 3656 doloribus,
1248 3581 1332 3645 map-

216 3683 282 3725 rnur
306 3663 335 3720 in
361 3661 597 3742 desperationem.
638 3661 700 3724 lam
725 3665 804 3745 quod
825 3667 860 3728 de
881 3685 912 3726 se
931 3687 989 3728 unu
1010 3667 1235 3750 praedicaverat,
1257 3655 1331 3716 2¹¹&

216 3744 258 3804 dit
276 3741 313 3802 ad
332 3747 427 3802 tutum
446 3741 600 3822 populum,
620 3744 732 3804 salvum
753 3745 815 3806 lure
835 3747 1021 3828 pronuntians
1042 3745 1095 3806 sub
1115 3744 1171 3806 Dei
1191 3729 1313 3804 custodit·

298 3824 345 3883 10.
372 3825 571 3914 Veruntamen
590 3833 717 3884 consitos.
738 3823 772 3884 Si
791 3830 847 3922 'itt
867 3825 1037 3888 affirmative
1056 3827 1184 3922 accipere
1203 3817 1280 3882 ebert
1291 3815 1329 3888 ΡΝ

219 3899 319 3974 Certe,
344 3901 391 3960 vel
411 3907 525 3980 uirque,
549 3901 604 3960 crit
623 3905 777 3984 superioris
797 3907 952 3970 sententiae
972 3906 1166 3968 confirmabo:
1189 3909 1218 3964 et
1236 3916 1252 3958 a
1269 3900 1331 3966 filu·

218 3979 520 4122 tttlitditlt
524 3977 646 4140 ,Didii
661 3985 792 4125 ‘1¹1de
793 3987 902 4126 tit}
920 3988 988 4126 ii
1002 3973 1329 4126 liffiliimiiiiliii

218 4146 293 4201 runt.
333 4139 410 4278 Apte
434 4147 529 4200 tamen
554 4147 707 4205 contextus
733 4087 803 4205 iicet
828 4147 853 4205 si
877 4146 1021 4220 dicamus,
1045 4148 1112 4228 quia
1132 4143 1242 4204 videbat
1258 4113 1331 4192 Darii

218 4221 280 4282 sius
305 4240 359 4300 pru
372 4225 438 4280 ectu
464 4211 557 4280 subdis
581 4240 612 4281 se
636 4242 738 4284 cancre
764 4224 837 4285 banc
862 4223 1035 4300 deciduam,
1059 4225 1138 4306 quod
1162 4217 1275 4305 populu
1291 4215 1327 4284 ΡΝ

114 4379 127 4392 .
220 4319 275 4360 suu
299 4299 412 4380 ingenio
433 4298 574 4360 dillluerct
594 4301 623 4362 iu
644 4323 708 4384 spes
729 4303 855 4380 fallaces,
875 4325 951 4365 nunc
971 4325 1039 4386 prae
1057 4303 1243 4388 indignatione
1259 4281 1329 4352 nactu-

222 4397 310 4452 mare.
350 4378 448 4460 Atque
474 4397 552 4441 ruera
580 4385 690 4445 venitm
716 4391 815 4465 regnat
841 4386 870 4446 in
898 4383 963 4446 filiis
989 4385 1148 4447 bominum.
1186 4379 1245 4443 Hoc
1264 4358 1328 4432 mill

616 4673 628 4715 Ι
