2804 4890
92 1851 97 1862 .
193 1805 308 1860 ternum
328 1797 381 1857 eibi
400 1795 506 1856 bellum
524 1815 588 1856 cese
607 1815 672 1856 oum
692 1796 821 1858 hostibus
839 1797 1023 1859 etmnleetiio
1037 1816 1110 1877 ques
1126 1799 1332 1874 intermori
1393 1829 1394 1878 ι

199 287 255 366 190
320 281 323 290 '
625 307 913 352 ncrrvrros
1146 257 1151 270 ¹

1393 393 1394 452 l

163 427 168 437 “
199 403 288 498 main
318 449 438 512 meant,
471 437 505 496 et
531 451 606 497 eruc
639 452 692 498 me
719 453 761 498 ne
789 429 964 522 pudefiam‚
995 429 1068 522 quia
1089 433 1216 523 speravi
1237 435 1275 502 in
1298 447 1342 508 te,
1393 489 1394 522 ,

108 541 114 558 '
176 539 252 626 21.
278 533 442 626 integritas
463 545 496 602 et
516 535 669 602 rectitudo
691 535 870 604 custodiant
896 557 965 620 me,
992 538 1120 628 quiete
1140 544 1342 632 exspectavi.
1393 531 1394 570 ³

198 625 256 713 92.
281 639 414 712 Redime
435 639 524 710 Deus
545 639 692 710 Israelem
714 665 756 711 ex
778 630 927 711 omnibus
948 641 1202 713 tribulationibus
1224 647 1308 749 eius.

210 847 214 864 ⁴
281 842 327 902 16.
348 843 473 936 Respice
492 839 533 899 ud
550 863 604 900 me.
624 839 703 918 Quia
721 839 804 901 nobis
818 839 874 902 boo
888 841 978 902 uiuat
992 842 1084 902 camis
1099 859 1210 918 renem
1229 841 1343 921 Deum,

196 922 254 984 nisi
279 920 314 980 ab
339 939 375 980 eo
399 939 543 993 iuvemur,
568 921 688 979 oblitum
712 921 802 982 nostri
827 939 903 982 esser
934 921 1062 983 ordinem
1081 923 1210 1004 requitur
1229 922 1342 999 David,

198 1003 258 1084 quo
278 1021 331 1059 noe
349 999 428 1058 ducit
446 1006 560 1073 natrna,
584 1001 724 1060 rotionem
744 1002 823 1060 suixu
844 999 909 1060 Deo
928 999 1026 1061 baberi
1050 1011 1164 1082 petens,
1190 1005 1251 1064 acsi
1271 1014 1343 1066 erue

197 1083 343 1162 neglectus
362 1079 444 1138 toret.
470 1077 520 1138 Sic
539 1085 634 1138 eutem
653 1081 767 1140 resolvo
787 1079 883 1153 verbe,
902 1079 1023 1160 Respice
1042 1082 1079 1140 ad
1098 1101 1145 1142 uro
1165 1089 1199 1141 ut
1218 1085 1341 1146 misere-

198 1164 253 1222 aris
269 1161 333 1218 mei.
353 1157 477 1218 Causam
496 1160 571 1218 enim
591 1159 689 1218 salutis
708 1161 790 1240 ponit
800 1158 855 1219 Dei
873 1161 1017 1224 intuitum,
1037 1162 1084 1220 cui
1099 1161 1200 1222 deinde
1214 1163 1340 1226 cusum

195 1241 359 1300 subiicitur:
386 1239 453 1318 quio
473 1239 591 1299 simulac
609 1259 663 1298 nos
681 1237 815 1318 dignatus
834 1239 919 1300 luerit
939 1237 1019 1302 Deus
1038 1259 1090 1300 sna
1119 1260 1204 1314 eura,
1232 1262 1340 1304 uranus

195 1322 289 1381 etiam'
303 1319 338 1378 ud
358 1319 496 1378 auxilium
515 1317 664 1378 ferendum
683 1325 782 1398 perata
801 1320 864 1392 erit,
884 1319 985 1380 deinde
1005 1319 1041 1380 ed
1053 1321 1227 1392 ileotepdum
1235 1320 1340 1384 Deum

189 1399 339 1476 miseriam
354 1417 435 1458 snam
449 1398 593 1478 proponit,
606 1417 713 1458 vocans
728 1407 901 1470 aaronem,
920 1397 977 1460 boo
991 1405 1036 1458 cet
1045 1399 1214 1476 aoiihrium,
1233 1401 1340 1465 deinde
1393 1423 1394 1478 l

155 1496 157 1508 ·
237 1503 364 1561 operor.
399 1475 459 1538 Noe
478 1497 547 1537 vero
568 1477 686 1539 dubium
705 1484 749 1538 est
768 1481 838 1559 quin
857 1479 893 1538 ad
914 1479 1113 1557 promissiones
1132 1479 1254 1555 eliudat,
1274 1485 1338 1562 qui·
1393 1479 1394 1544 i

194 1581 251 1701 tem
269 1559 434 1697 pronuntiet
454 1555 535 1618 Dour
558 1575 590 1617 se
613 1559 725 1618 nunu
745 1564 775 1619 et
793 1557 949 1640 desperatio
972 1565 1088 1646 praesto
1107 1557 1228 1624 forced
1246 1581 1337 1644 opem

224 1659 274 1700 ren
294 1657 349 1698 am.
387 1693 391 1704 ,
1138 1691 1142 1702 .

110 1730 113 1738 ’
195 1735 198 1747 ’
252 1781 254 1788 Α
275 1721 324 1782 17.
344 1719 537 1794 Afflictiooee
556 1717 654 1777 cordia
672 1725 738 1777 met
778 1715 896 1778 Fatetur
914 1716 970 1778 boc
989 1735 1074 1778 versu
1092 1737 1154 1780 non
1172 1719 1259 1780 modo
1277 1741 1331 1782 ex·

194 1880 273 1945 intus
292 1880 378 1938 otiam
397 1895 529 1936 moerore
547 1882 578 1935 et
596 1876 748 1955 angoribus
767 1897 798 1938 se
817 1879 954 1958 torqueri.
972 1875 1011 1936 Et
1028 1877 1154 1938 noteuds
1170 1885 1216 1938 est
1229 1879 1333 1959 loquu-

118 1986 122 1992 ·
192 1961 240 2020 tio*
262 1975 320 2037 qno
343 1955 481 2037 signifieat
504 1963 612 2014 tantem
631 1972 693 2016 erse
712 1975 844 2015 enrrrnm
864 1958 1040 2035 congeriem,
1065 1964 1098 2016 ut
1117 1975 1219 2018 omnes
1237 1961 1334 2020 nordio

194 2040 241 2098 sni
260 2043 356 2118 partes
376 2041 511 2115 occupet:
538 2034 777 2114 quomadmodum
796 2029 829 2094 si'
840 2036 981 2096 violentae
999 2053 1092 2115 aquae
1110 2035 1199 2114 longo
1217 2037 1334 2118 iateque

245 2111 365 2187 orando,
389 2117 532 2194 regionem
554 2113 866 2193 aliquam’obruorent.
906 2111 1031 2192 Quando
1051 2121 1146 2176 autem
1163 2123 1262 2182 ¹totum
1282 2138 1334 2178 eor

225 2196 315 2256 nvidis
334 2194 464 2253 videmus
481 2193 623 2254 eruente
641 2193 734 2252 inisse
748 2211 924 2272 possessum,
947 2213 1007 2254 non
1028 2201 1075 2252 est
1093 2193 1173 2273 qnod
1188 2197 1334 2259 ubemur

193 2278 218 2336 ri
236 2293 292 2334 nos
310 2271 453 2333 interdum
473 2290 524 2332 sur
544 2271 620 2331 mois
639 2272 809 2332 tentationes
829 2271 972 2334 deiicientz
992 2271 1042 2332 sed
1061 2292 1128 2336 cum
1148 2272 1266 2336 Doride
1284 2295 1333 2357 pe-

192 2361 287 2416 tamus
307 2359 340 2412 nt
359 2349 441 2410 robis
459 2349 541 2409 Dens
560 2351 643 2430 quasi
661 2351 692 2412 in
711 2351 915 2430 desperationis
935 2351 1055 2412 articulo
1074 2360 1233 2418 moenuut.

274 2436 323 2496 18.
349 2433 424 2492 Vide
431 2433 628 2512 afflictionem
639 2453 742 2491 menri.
762 2427 964 2508 Querimonias
980 2431 1050 2492 istas
1069 2431 1155 2494 toties
1173 2433 1332 2509 incuicare

192 2513 263 2575 satis
274 2511 407 2572 ostendit
425 2529 483 2570 nou
504 2509 613 2568 levibns
630 2528 664 2569 re
682 2510 764 2570 maiis
782 2510 870 2570 briem
889 2516 1041 2572 maletum:
1062 2510 1139 2590 quod
1159 2511 1264 2574 roduin
1279 2533 1332 2574 no·

190 2593 312 2656 tardum
331 2597 384 2660 ert,
404 2597 438 2650 ut
455 2589 537 2648 nobis
548 2609 648 2668 quum
665 2589 767 2650 eodem
781 2587 977 2652 exercebimur
991 2588 1088 2662 modo,
1106 2597 1244 2671 suppetet
1257 2595 1333 2654 ratio

194 2673 303 2734 orandi.
332 2669 402 2730 Trio
421 2670 497 2730 enim
516 2667 666 2748 specuium
684 2668 766 2730 nobis
786 2667 912 2749 Spiritus
926 2675 1048 2730 sanetus
1067 2671 1215 2750 proponit
1232 2689 1273 2732 ne
1292 2671 1332 2732 ri

87 2799 91 2813 .
191 2753 351 2814 diodorum
369 2747 546 2813 multitudini
560 2747 612 2808 ou
631 2749 710 2808 oneri
729 2755 841 2810 mentes
859 2755 973 2811 nostras
992 2742 1187 2812 suoournba'ot.
1217 2747 1278 2812 Sed
1299 2757 1333 2812 nt

191 2833 275 2894 maiis
295 2831 354 2891 suis
373 2827 697 2902 teneraemondani,
721 2829 911 2908 meropius
929 2829 1036 2896 remitti
1055 2827 1108 2888 sibi
1125 2835 1256 2909 perinte
1276 2831 1331 2893 sibi

190 2927 331 2974 rerooms
350 2911 379 2970 in
400 2911 565 2968 memoriam
584 2908 664 2988 quud
682 2909 769 2989 poulo
788 2915 855 2968 anto
872 2908 1015 2993 attigerat,
1034 2927 1066 2968 so
1085 2928 1143 2968 non
1163 2909 1249 2970 aliter
1267 2929 1331 2990 spe-

190 2989 543 3070 rareDonrnpropitiunr,
564 2989 616 3048 nisi
637 2990 757 3067 gratuita
772 2989 855 3050 venia
874 2987 1069 3049 reconciliatus
1088 2995 1173 3050 esset.
1193 2986 1233 3048 Et
1251 2997 1332 3050 uerte

190 3074 277 3136 nimis
298 3071 406 3151 stupidi
418 3075 499 3129 oure
518 3069 570 3148 qui
584 3075 711 3131 euterun
735 3067 901 3128 liberatione
925 3069 1066 3138 contenti,
1095 3068 1179 3132 mala:
1196 3070 1332 3136 intentior

190 3171 252 3214 rou
276 3151 440 3222 mouthnt,
462 3147 515 3208 sed
535 3153 686 3226 'quantuor
702 3149 732 3206 in
756 3165 787 3206 so
812 3153 870 3220 ort,
893 3154 1031 3227 cuperent
1056 3145 1202 3209 oblivione
1219 3149 1332 3228 sepulta

190 3251 264 3294 osse.
284 3229 361 3307 Ergo
380 3227 476 3288 David
496 3231 529 3286 'ut
546 3225 703 3286 remedium
722 3227 847 3288 investiat
865 3227 924 3286 suis
943 3225 1089 3298 molestie,
1108 3245 1125 3286 ι
1146 3235 1331 3304 peommrnm

191 3312 359 3380 remissione
377 3307 485 3387 incipit,
503 3306 571 3385 qnia
593 3303 657 3364 Deo
676 3307 749 3366 irato
770 3311 799 3366 et
817 3305 943 3380 insenso,
967 3306 1063 3366 omnia
1081 3305 1231 3370 infeliciter
1250 3309 1331 3371 nobis

190 3391 291 3451 oedoro
316 3405 430 3448 neeesse
445 3391 510 3444 ert:
541 3385 663 3465 peccatis
687 3391 784 3446 autern
810 3387 914 3444 nocuis
932 3387 1034 3446 merito
1053 3404 1166 3464 sempor
1184 3387 1328 3450 irascitur.

191 3470 289 3550 Atque
306 3467 379 3526 baon
398 3465 495 3546 raguta
513 3463 634 3524 tenendo
655 3471 712 3538 est,
737 3465 868 3545 quemvis
888 3463 925 3526 ob
946 3465 1072 3526 divorsos
1092 3465 1164 3524 fines
1183 3463 1330 3535 Dominus

189 3569 260 3610 snos
279 3566 364 3609 ornae
383 3545 503 3616 erudiat,
523 3545 635 3624 quoties
654 3551 749 3604 tamen
770 3545 931 3624 affligimur,
951 3545 986 3604 ad
1002 3545 1192 3606 conscientiae
1208 3565 1329 3608 eruamur

190 3647 245 3690 nos
264 3627 370 3696 vocari,
391 3633 424 3686 ut
441 3623 587 3706 supplices
604 3625 861 3704 reconciliationem
879 3643 946 3686 oum
964 3623 1030 3686 Deo
1050 3643 1232 3719 quaeramus.
1375 3681 1379 3684 ,

270 3711 319 3770 19.
343 3709 419 3767 Vide
436 3712 579 3767 inimicos.
618 3702 683 3764 Hor
701 3723 787 3764 versu
806 3703 841 3764 dc
861 3703 987 3768 bostium
1006 3721 1090 3784 cupra
1109 3711 1138 3764 et
1163 3705 1331 3766 crudelitate

184 3787 366 3870 expostulat,
385 3786 453 3866 quia
471 3803 507 3846 eo
527 3784 695 3864 propensior
709 3781 844 3844 eszeuo
863 3783 899 3845 ad
912 3803 981 3846 snos
994 3783 1144 3852 iuvandos,
1157 3795 1226 3864 ‘quo
1239 3785 1330 3863 mens

167 3857 170 3876 '
214 3873 376 3940 remuntor,
405 3871 435 3934 et
461 3885 514 3944 pro
539 3865 676 3944 gravitme
700 3863 821 3944 periculi,
842 3865 988 3943 potentius
1009 3857 1165 3924 'succurrit
1220 3867 1330 3923 Odium

191 3889 291 4020 ἔθη,
312 3945 368 4004 boc
386 3951 429 4004 ost
448 3943 608 4017 ¹violentiae,
654 3963 687 4002 ro
707 3941 822 4012 Cmdoli
843 3949 872 4002 et
891 3943 1070 4024 sanguinario
1090 3943 1210 4022 capitur.
1253 3941 1331 4019 Quin

191 4047 262 4088 vero
281 4031 377 4085 taulus
397 4030 458 4083 erat
477 4021 602 4082 bostinm
626 3965 733 4116 liuor,
746 4029 779 4082 ut
802 4021 908 4102 placan'
931 4039 989 4082 non
1016 4028 1112 4102 posset
1131 4023 1184 4082 nisi
1205 4019 1329 4082 Davidis

192 4113 295 4174 morte,
319 4102 467 4164 custodem
487 4103 562 4162 vitre
579 4121 649 4166 suae
668 4100 766 4164 Deum
785 4103 918 4164 advocet:
944 4103 1018 4167 unde
1038 4103 1181 4182 colligitur
1199 4107 1331 4162 extrema

186 4189 240 4248 illa
264 4203 352 4266 qnam
376 4183 435 4242 dixi
458 4181 619 4248 nenessitas.
691 4181 748 4244 uod
772 4181 903 4262 proximo
926 4183 1069 4262 sequitur,
1102 4204 1138 4241 re
1162 4181 1331 4262 pudefiom,

94 4301 100 4308 ·
164 4322 166 4332 ,
190 4265 334 4347 duplicem
354 4281 468 4321 sonsum
493 4261 624 4322 admittit.
697 4261 791 4322 nidum
815 4259 944 4321 lntumm
970 4268 1082 4342 tompus
1105 4259 1245 4334 retinent,
1271 4262 1330 4318 sesi

190 4349 327 4404 statueret
346 4341 441 4402 David
462 4362 495 4401 se
514 4344 572 4400 inm
590 4341 757 4410 exauditum
776 4359 847 4418 esse,
865 4348 894 4400 et
913 4343 943 4400 ir
963 4346 1062 4420 optato
1083 4357 1237 4412 successu,
1269 4339 1328 4418 spei

191 4423 352 4500 mecedem
369 4419 424 4482 sibi
442 4423 629 4503 promitteret
647 4419 712 4503 Εὸο
731 4421 877 4486 tamenin
895 4420 1036 4490 direrrem
1048 4425 1162 4501 partem
1177 4418 1273 4500 magis
1287 4421 1329 4478 in·
