2726 4888
447 303 682 349 russanen
709 303 793 347 usu.
1128 301 1183 361 473

122 431 151 490 6.
175 429 333 514 Tanquam
351 429 448 570 adipe.
487 427 537 489 Est
557 429 707 511 proximae
726 427 881 492 souuerse
902 421 1094 490 eontirmatioa
1115 429 1183 511 quia

30 507 138 567 David
163 508 356 590 metaphorice
380 513 432 570 sii
457 509 563 570 n‘Deo
587 509 729 592 promittit
751 509 925 570 uberrimam
953 509 1094 570 bonorum
1120 529 1183 570 om·

30 591 121 646 mium
143 589 265 668 eopiam,
285 607 360 669 quae
380 591 503 650 laetitiae
522 595 551 650 et
569 589 741 650 iubilationis
764 589 914 650 materiam
938 587 1080 670 praebeat.
1120 587 1182 650 Etsi

29 675 138 726 autem
165 668 196 726 iu
222 669 283 727 otio
304 675 334 728 et
358 669 529 730 abundantia
554 667 701 729 Psalmum
729 667 808 730 huno
834 670 1013 765 epmposuit,
1036 668 1182 750 probabile
1270 687 1273 698 ·

29 753 137 806 tumen
157 753 212 821 est,
232 767 322 828 quum
343 749 437 810 adhue
455 751 538 830 iuopa
558 755 588 808 et
607 747 752 809 lamelieus
776 755 882 816 erraret
905 769 936 808 ru
955 747 1078 823 deserto,
1098 751 1183 810 satie

30 833 130 886 tatem
150 825 225 886 bnue
244 845 261 886 a
281 845 338 908 que
357 829 459 910 procul
478 829 592 902 aberat,
616 847 765 911 sperasse.»
794 827 892 909 Atque
911 827 983 889 haee
1002 830 1119 912 insignis
1138 837 1183 890 est

30 907 106 968 tidei
128 905 270 988 probatio,
290 927 380 988 quum
400 907 456 968 Dei
475 909 573 992 gratio,
592 907 661 968 lieet
679 907 854 980 abscondita,
873 909 985 973 eminus
1000 928 1069 990 pers
1090 910 1184 969 ieitur.

30 985 76 1045 Et
97 985 155 1045 hoo
174 987 340 1068 exemplum
361 989 509 1070 diligenter
527 979 686 1050 notandum
704 995 758 1064 est,
777 989 944 1052 unanimos
955 931 1183 1070 despondeamus

32 1067 156 1146 quoties
177 1065 253 1126 laute
272 1073 436 1128 saturantur
453 1069 543 1150 impii,
567 1070 629 1130 imo
646 1089 678 1130 sa
697 1069 880 1150 ingurgitant,
899 1067 1008 1131 steine
1028 1068 1117 1130 modo
1136 1069 1181 1128 lu·

31 1146 194 1218 moriautur
217 1147 247 1206 in
272 1167 323 1206 sua
347 1149 442 1229 eopia:
472 1168 526 1208 uos
551 1169 621 1210 vero
646 1149 718 1210 aridi
742 1153 770 1208 et
795 1150 895 1230 inopes
918 1149 1068 1209 esurimus.
1108 1147 1184 1210 Nam

34 1225 187 1286 Davidem
207 1245 323 1307 quoque
342 1229 435 1308 potuit
455 1247 508 1289 sua
527 1233 638 1310 egestas
658 1228 695 1288 ud
710 1227 934 1308 desperationem
955 1227 1113 1310 impellere:
1134 1227 1185 1288 sed

35 1306 112 1386 quie
132 1305 239 1367 sciebat
262 1309 410 1388 propu‘om
435 1327 498 1368 esse
516 1306 574 1368 Dei
598 1327 717 1383 munus,
742 1308 844 1368 satiare
867 1309 992 1368 animam
1015 1307 1185 1383 famelicam,

34 1407 56 1480 s·
93 1386 387 1482 rasitare-propitio
411 1386 482 1448 nibil
507 1387 560 1448 sibi
584 1387 690 1448 delon.
734 1385 796 1454 lam
812 1387 889 1484 'quia
913 1389 1010 1484 multis
1034 1389 1184 1484 necessita·

32 1473 120 1626 isli
155 1465 793 1630 ,tt‘itttttttdtttttttuttss
810 1465 1185 1630 tritissimis

33 1625 169 1685 iniurias.
208 1623 300 1686 Porro
318 1628 476 1687 notandum
495 1633 548 1700 eat,
567 1627 621 1686 sub
640 1627 810 1709 metaphora
829 1629 928 1707 odipts
947 1637 975 1688 ot
990 1629 1186 1724 pingentibus

36 1725 101 1765 uon
122 1705 240 1786 intelligi
260 1707 387 1788 saginam
408 1707 505 1788 qualia¹
520 1709 646 1770 cernitur
669 1709 700 1767 in
723 1707 850 1789 profanis
869 1705 1047 1781 bominibus,
1072 1727 1123 1789 qur
1142 1709 1185 1768 iu·

36 1793 236 1867 temperanter
259 1783 446 1861 luxuriando,
471 1785 627 1925 ingluviem
651 1805 733 1853 suam
756 1786 891 1869 replente*
905 1793 993 1866 atque
1013 1787 1053 1846 ita
1077 1787 1183 1864 obruti,

42 1865 127 1944 quasi
145 1871 241 1927 menta
260 1865 427 1934 alienantur,
448 1885 497 1926 mo
519 1887 566 1927 um
586 1867 663 1927 euim
673 1869 810 1928 satietatis
824 1865 1042 1942 stetuitDavid,
1061 1871 1184 1929 uttanlo

45 1946 166 2005 alacrius
185 1963 217 2006 sa
236 1947 364 2026 aoeiugat
383 1947 419 2006 nd
439 1942 584 2011 canendas
599 1945 656 2007 Dei
676 1945 784 2007 laudea.

126 2025 154 2087 7.
176 2027 260 2088 certe
278 2041 389 2088 memor
412 2049 472 2088 ero.
512 2026 615 2087 Posset
639 2028 725 2088 etiam
744 2027 814 2108 legi,
834 2024 975 2105 Quando,
995 2027 1042 2086 vel
1062 2025 1185 2106 Quoties

42 2123 158 2165 memor
176 2106 287 2180 erotui,
307 2107 337 2166 in
357 2107 460 2186 vigiliis
478 2107 625 2246 precabor.
665 2105 724 2168 Sed
744 2109 812 2188 quia
831 2107 1029 2168 conditionalis
1046 2107 1187 2188 partienda

41 2188 106 2252 nte
118 2203 183 2244 nou
203 2185 296 2245 solum
315 2205 370 2266 pro
389 2186 477 2247 adver
498 2188 672 2268 intemporis
685 2189 817 2262 sumitur,
837 2185 888 2248 sed
949 2187 1080 2268 andoqne
1100 2187 1186 2246 etiam

37 2262 182 2323 affirmet:
201 2263 281 2324 nolui
300 2267 362 2326 aine
381 2283 493 2327 eansaa
507 2274 623 2348 reeepto
632 2285 718 2326 seusu
729 2265 878 2336 ,resedere
924 2269 936 2328 i
954 2265 1126 2328 affirmative
1145 2267 1187 2328 le·

38 2362 105 2424 gas,
125 2343 201 2404 ida·
220 2343 357 2406 valebunt
376 2345 533 2428 Memorem
553 2363 625 2420 esse,
644 2353 674 2408 et
685 2343 829 2408 Meditari:
848 2348 961 2428 eritque
975 2346 1102 2407 eiumem
1122 2365 1187 2408 sen·

38 2423 314 2505 teuliaa,1epetitio.
355 2425 408 2486 Siu
433 2429 522 2508 magis
547 2427 659 2522 placeat
683 2427 882 2486 conditionalis
907 2426 1060 2508 porticula,
1085 2445 1207 2486 sensua-
1252 2501 1255 2508 Ἰ

42 2505 110 2577 erit,
129 2497 253 2581 Quoties
272 2503 301 2564 iu
320 2511 446 2566 mentem
466 2512 577 2568 venerut
597 2504 652 2565 Dei
672 2525 787 2582 nomen,
808 2505 951 2566 Davidem
969 2504 1091 2566 libenter
1109 2505 1186 2587 eogi-

43 2589 191 2657 taturum,
214 2590 245 2644 et
262 2583 350 2646 verba
374 2589 460 2646 etiem
484 2586 628 2647 lemurum
653 2585 689 2645 de
707 2587 769 2646 eius
789 2585 942 2646 beuelieiis.
983 2583 1070 2646 Ponit
1088 2593 1186 2646 aulem
1290 2617 1295 2636 ·

43 2663 141 2722 noetis
159 2665 279 2743 vigilias,
298 2667 365 2746 quia
385 2665 434 2725 ubi
454 2665 586 2727 subdueln'
604 2665 704 2726 sumtu
724 2665 761 2726 ab
773 2663 921 2727 bominum
940 2673 1107 2748 conspeetu,
1126 2683 1186 2728 uon

46 2742 136 2802 modo
159 2751 311 2804 reeurruut
334 2763 438 2820 curae,
458 2745 508 2806 sed
532 2747 643 2806 unimus
668 2745 783 2805 libertus
807 2765 838 2806 se
862 2746 987 2828 applicat
1011 2747 1046 2805 ad
1067 2745 1119 2804 ltaa
1138 2745 1187 2806 vel

44 2823 111 2882 illas
136 2825 330 2903 rogitatioues.
371 2823 507 2904 Sequitur
531 2843 633 2886 musae
656 2823 792 2900 redditio,
821 2827 889 2906 quia
914 2824 971 2886 Dei
996 2827 1102 2886 anxilio
1127 2843 1186 2885 ser·
1233 2873 1238 2890 ι

42 2909 133 2962 vatus
155 2904 257 2964 iuerat.
301 2903 380 2965 Talia
396 2911 499 2966 'uuum
527 2896 701 2988 experientis
732 2908 782 2982 (ut
809 2907 922 2986 saepius
946 2907 1003 2967 inm
1028 2906 1103 2984 dixi)
1126 2925 1186 2966 nou

40 2983 137 3047 modo
161 2983 308 3045 stimulare
330 3003 384 3045 uos
409 2985 493 3045 debet
517 2985 551 3044 ad
577 2985 677 3044 laudes
697 2983 755 3045 Dei
779 2982 935 3058 eruendus,
964 2986 1014 3046 sed
1036 2985 1124 3045 etiam
1149 2985 1187 3045 ad

42 3061 241 3124 iuvoeaudnm
264 3064 327 3125 eius
351 3081 472 3140 nomen,
497 3066 572 3124 sient
596 3063 699 3125 dieitur
722 3063 799 3126 Psal.
823 3065 853 3140 5,
880 3068 908 3127 8.
948 3065 981 3124 lu
1004 3065 1187 3126 multitudiue

42 3142 184 3203 bonitatis
205 3150 273 3203 tuae
302 3144 445 3225 ingrediar
467 3144 607 3225 templum
635 3151 728 3206 tuum.
773 3143 907 3206 Secunda
931 3163 997 3226 pars
1026 3163 1127 3204 versus
1149 3144 1188 3206 nd

43 3241 131 3302 spem
154 3221 291 3298 retertur,
310 3224 389 3305 qood
408 3223 516 3285 aeilioet
538 3223 693 3284 exsultabit
711 3223 817 3301 David,
840 3225 888 3285 vel
906 3225 1066 3301 'iubilaudo,
1084 3227 1187 3286 triom-
1226 3269 1230 3282 .

42 3305 124 3384 phos
143 3319 211 3364 suos
230 3309 296 3386 aget
314 3303 368 3364 sub
386 3303 487 3364 umbra
506 3305 616 3364 uiarum
635 3303 705 3365 Dei:
725 3308 793 3386 quia
812 3321 871 3364 non
884 3306 978 3368 miuus
993 3321 1092 3366 sseore
1112 3305 1187 3370 laeto
1236 3299 1240 3312 ’

43 3390 78 3442 et
98 3383 181 3522 bilalri
200 3385 296 3444 auimo
316 3385 444 3466 quieseet
462 3383 515 3446 sub
534 3384 676 3467 praesidio
695 3383 761 3462 Dei,
780 3403 869 3466 quum
887 3387 912 3445 si
930 3391 1005 3446 esset
1019 3391 1106 3446 extro
1119 3403 1210 3474 ,om-⁶

42 3481 117 3524 nem
136 3478 235 3526 amm.
818 3484 821 3500 ’
1142 3486 1145 3494 ’

132 3547 160 3608 9.
181 3547 325 3607 ,tribuerit
348 3555 460 3608 nutmu.
500 3544 577 3626 Quia
600 3545 719 3608 verbum
739 3545 847 3648 ttpn't
871 3562 956 3626 saepe
975 3543 1189 3628 apprehendere

44 3624 97 3684 vel
118 3627 251 3706 persequi
271 3627 420 3706 signifieat,
440 3627 606 3708 praesertim
626 3627 675 3686 ubi
695 3645 762 3714 eum
833 3625 991 3706 epositioue
1011 3627 1099 3695 'litet
1118 3640 1189 3686 eau-
1309 3657 1316 3674 ·

45 3705 180 3780 struitur,
199 3725 257 3766 nou
275 3708 372 3766 miuus
433 3707 542 3768 adrabit
560 3708 632 3768 haee
650 3707 760 3786 versio,
860 3721 960 3765 amen
1005 3711 1052 3766 ost
1075 3712 1105 3766 te
1122 3719 1187 3786 per·

45 3789 109 3866 get,
128 3783 176 3845 vel
194 3785 357 3848 contendet
392 3727 488 3866 tguod
507 3785 721 3847 silldhaereudi
738 3784 860 3846 verbum
869 3779 990 3869 magisp
1019 3791 1090 3860 oeat,
1109 3791 1188 3846 utm-

45 3881 110 3944 que
137 3871 234 3926 tamen
262 3866 350 3926 modo
379 3867 403 3927 si
442 3867 519 3928 ilieat
548 3865 643 3927 David
673 3885 724 3927 eor
743 3873 837 3926 'auum
866 3863 950 3926 firma
977 3866 1189 3946 perseverantia

45 3963 111 4040 sem
188 3945 307 4006 altinum
332 3946 396 4044 iore
445 3967 488 4008 eo.
529 3945 595 4008 lloe
618 3947 695 4008 euim
718 3945 799 4042 velet,
819 3945 904 4006 dictio
923 3947 1060 4044 ‘tt'ttllffi
1079 3942 1190 4085 Quum·

45 4043 94 4084 vrs
109 4042 234 4122 ‘ongum
254 4045 288 4086 ae
308 4026 421 4122 difficile
445 4028 500 4088 iter
518 4026 612 4126 lupera
632 4032 780 4107 oporteat,
799 4027 964 4164 mulosabuo
978 4043 1111 4122 'remora'
1133 4026 1204 4121 ,ἱππ-Ι

45 4104 182 4186 pedsaut,
206 4125 265 4166 rmo
290 4123 421 4187 quumvis
440 4105 521 4168 Deus
545 4125 607 4188 rpse
630 4107 732 4188 proeul
757 4103 892 4182 disoedat‚
941 4104 1053 4164 avidum
1072 4125 1190 4168 mmrme

46 4183 238 4280 defatigatum
256 4187 291 4246 iri
311 4188 380 4283 puin
401 4193 564 4283 constanter
581 4193 691 4286 pergat.
731 4185 889 4283 Posterius·
901 4184 1060 4280 membrum
1083 4187 1190 4286 simpli-

47 4271 130 4402 ‘²²²2
144 4267 693 4408 ttttt‘tttittlmt't‘t:
712 4265 1190 4410 truill'ttittttt‘t

47 4363 160 4505 &deoru
180 4441 213 4502 o,
239 4427 307 4508 quia
331 4428 392 4489 eius
415 4445 503 4488 mauu
528 4390 665 4490 hesiodos
687 4433 785 4493 metus
814 4433 844 4488 et
867 4366 1087 4509 integerqstetit.
1128 4425 1190 4510 Ego
