2818 4886
878 201 884 208 ,
1037 167 1048 202 Ι

520 259 808 302 rarsansnxr.
912 305 917 314 ,
1195 265 1231 324 73
1335 293 1343 310 .

94 379 182 442 amsa
206 379 257 440 illa
281 381 446 444 miecdeuer
471 383 563 464 sicuti¹
578 403 636 444 aon
660 383 716 448 etio
736 389 781 462 (at
801 385 874 460 dini)
895 383 975 469 dirigi
994 382 1119 462 videbat,
1144 407 1232 467 qaam

90 461 133 520 ad
148 458 381 521 labefactandam
406 461 491 523 tidem
516 458 605 530 marn.
644 461 764 524 Samma
788 471 847 537 est,
873 485 962 546 quam
982 467 1094 547 semper
1112 467 1232 532 vixisset
1264 478 1266 490 '

93 540 244 680 {iffi
265 541 557 683 ”tittittt
574 541 1231 707 &stituittt‘titttffltstil?
1315 633 1321 646 ·

245 665 253 679 .
348 701 356 717 ¹
453 703 460 718 ·
678 665 687 696 ,
1080 707 1088 722 .
1172 650 1231 726 ¹..’

94 703 920 864 &imitabili“aiiiiiiiiidiiaifft
935 704 1093 864 titii
1110 725 1232 847 titt

93 865 128 919 et·
146 860 281 932 morsum
302 858 440 934 leramm,
459 861 488 930 ia
507 861 565 923 lide
583 868 681 923 nostra
700 863 855 922 rotationis
875 863 977 944 pedem
997 883 1059 924 esse
1077 862 1232 942 figendam.

177 941 207 1001 3.
229 943 316 1001 Certe
333 961 397 1000 ecoe
413 939 507 1022 impii.
527 939 652 1019 Quidem
669 942 727 1003 boo
745 943 934 1002 excusationis
954 944 1018 1004 loco
1038 942 1164 1004 additam
1179 965 1233 1025 pn·

91 1025 160 1078 tant
183 1020 215 1078 ia
240 1039 342 1080 eoram
365 1039 486 1101 persona
512 1023 563 1101 qui
581 1021 716 1082 iubebant
734 1021 876 1082 Davidem
899 1022 967 1102 laga
992 1021 1046 1082 sibi
1070 1025 1231 1086 consulere.

92 1098 266 1158 &andum
285 1101 357 1159 alios
375 1100 539 1180 expostulat
552 1097 648 1162 Datid
668 1122 733 1162 enm
753 1103 812 1161 sais
831 1102 1024 1182 popularibus,
1044 1103 1095 1184 qai
1109 1110 1233 1164 mortem

92 1179 136 1238 illi
155 1179 287 1259 undique
304 1181 473 1240 intentatam
491 1180 630 1256 videntes,
650 1181 803 1262 hospitium
817 1189 917 1242 tarum
935 1181 1091 1262 negabant,
1110 1183 1161 1242 sed
1180 1201 1232 1263 pa·

96 1259 152 1318 tina
177 1259 265 1336 (meo
288 1259 627 1337 iudicio)-namatioaem
651 1262 940 1342 snamprascrpaitur.
978 1259 1136 1324 Consilium
1156 1262 1232 1324 enim

97 1339 158 1402 eius
176 1345 232 1410 est,
250 1359 312 1400 non
330 1339 418 1400 modo
458 1340 563 1400 emenla
582 1340 685 1421 quibus
704 1341 835 1412 obsessus
853 1341 918 1416 luit,
937 1341 987 1402 sed
1002 1347 1124 1403 mortem
1139 1342 1233 1422 ipsam
1305 1371 1308 1376 ·

98 1425 164 1478 ante
181 1418 285 1480 oeulos
304 1437 418 1500 maere.
436 1359 505 1480 ddoo
524 1419 602 1494 dicit,
620 1439 794 1502 quocunqne
807 1440 839 1480 ee
853 1420 999 1494 abdiderit,
1017 1423 1075 1483 bon
1093 1439 1177 1502 posse
1191 1427 1233 1482 ta·

99 1517 164 1558 mon
183 1517 223 1558 ex
242 1497 370 1560 hostium
388 1499 517 1560 manibus
536 1499 617 1561 elabi.
646 1500 753 1574 Porro,
772 1506 831 1560 tam
851 1500 946 1560 miseri
967 1505 1057 1561 status
1077 1499 1233 1581 descriptio

101 1573 562 1661 ablatemaDeopoeteasblutem
573 1581 802 1663 magisillnstrat.
813 1578 962 1657 Quantum
973 1580 1008 1640 ad
1018 1579 1104 1642 verba
1114 1575 1233 1662 spectat,

99 1659 179 1738 qaod
199 1658 268 1718 dicit
278 1659 410 1718 intentas
424 1678 485 1720 esse
499 1661 602 1742 impios
615 1663 651 1723 od
664 1659 846 1723 humandam
860 1660 890 1720 in
907 1661 1030 1735 ooordto,
1049 1659 1165 1740 quidam
1174 1678 1233 1720 me-

97 1745 128 1798 to
147 1737 248 1798 borioe
266 1739 418 1820 accipiunt,
437 1740 504 1834 puin
522 1747 616 1803 astate
634 1749 663 1802 et
682 1762 734 1822 por
751 1740 865 1802 insidias
877 1759 945 1800 eam
959 1739 1164 1812 circumvenire
1173 1746 1234 1800 tarr·

191 1817 308 1878 tllibi
333 1825 429 1880 tamen
455 1821 609 1902 simplicior
633 1823 731 1886 aeasris
756 1819 845 1902 mapa
865 1819 984 1892 arridet,
1001 1817 1075 1880 nibil
1093 1837 1156 1880 esse
1174 1824 1235 1878 tam
1358 1871 1364 1886 „

103 1893 309 1972 absconditam,
329 1917 389 1979 qao
406 1917 467 1959 non
486 1907 634 1980 penetrent
652 1901 778 1962 bostiam
797 1899 902 1960 iacula:
921 1897 1044 1978 ideoqm
1062 1904 1185 1958 mortem
1204 1898 1235 1958 ia
1335 1898 1343 1908 “

103 1997 208 2037 omnes
226 1995 358 2038 merenas
377 1979 430 2038 sibi
448 1979 513 2040 fore
529 1980 704 2042 individuam
722 1982 865 2041 comitem.
1015 1999 1019 2008 ’

184 2058 214 2119 4.
234 2061 314 2118 Once
332 2060 536 2136 fndamento.
552 2064 692 2131 ninum
702 2056 1052 2140 quidamvertuatliegiar
1072 2075 1132 2138 qao
1148 2075 1235 2119 seusu

99 2136 170 2197 alibi
194 2155 408 2218 saepe.nomen
433 2139 489 2198 boo
514 2138 661 2276 Ser-ippum

99 2217 188 2277 inisse
207 2218 308 2298 impias
326 2217 440 2278 fraudes
458 2218 562 2300 quibus
612 2217 723 2279 avidam
742 2219 833 2278 adorti
851 2217 964 2294 inerant
979 2218 1078 2299 impii·
1101 2213 1190 2294 Quod
1209 2215 1235 2276 si

101 2297 268 2378 recipimus,
287 2297 336 2356 abi
356 2299 491 2358 continno
511 2304 577 2378 post
596 2297 684 2370 addit,
702 2297 875 2378 lustnsquid
894 2299 1029 2380 operatua
1047 2297 1112 2358 est?
1133 2313 1233 2356 seusus

101 2378 164 2450 ait,
182 2378 299 2436 minime
318 2393 369 2435 saa
388 2396 475 2458 opera
494 2378 542 2438 vel
559 2376 696 2441 industria
715 2378 823 2438 iactam
841 2397 904 2439 esse
922 2385 956 2438 at
974 2377 1070 2438 salam
1087 2375 1233 2442 evaderet:
1261 2427 1265 2433 .
1306 2443 1307 2446 ¹

100 2458 170 2536 quin
196 2457 293 2538 patius
312 2457 446 2536 -qrrietam
469 2463 500 2516 et
519 2456 601 2536 qnasi
620 2455 819 2528 domnicatam,
838 2456 983 2518 Divinitas
1002 2475 1041 2517 ex
1059 2451 1235 2518 retibas'vel

97 2538 190 2677 plagis
210 2537 337 2596 bustiam
355 2537 441 2596 luisse
459 2545 599 2618 ereptam.
618 2535 676 2598 Sed
696 2557 801 2597 nomn
809 2526 998 2598 Fundamdnfi
1013 2535 1160 2596 contextui
1176 2551 1234 2592 me·

684 2147 814 2220 uearpats
838 2146 868 2200 et
893 2143 1056 2220 exponunt,
1085 2137 1234 2217 dissipatas
1289 2178 1297 2198 0
1389 2169 1397 2178 =

120 2637 154 2675 as
180 2615 318 2696 quadrat:
383 2617 410 2674 ia
434 2615 538 2676 referre
564 2617 656 2696 pergit
674 2617 776 2696 quibus
795 2619 932 2697 angustiis
951 2615 1037 2684 faedi
1056 2614 1235 2686 constrictus,
1349 2673 1352 2682 ,

97 2703 132 2755 at
150 2698 209 2754 iam
229 2695 302 2754 nibil
320 2713 351 2754 sa
363 2715 432 2756 vam
451 2703 533 2755 essct.
558 2693 693 2756 Nondum
712 2705 808 2756 tamen
827 2699 901 2757 inter
915 2695 1083 2776 Interpretes
1099 2693 1135 2754 de
1149 2711 1235 2754 sensu
1346 2754 1352 2759 .

99 2777 243 2836 eonveait.
265 2773 390 2853 Quidam
405 2795 446 2834 ex
486 2781 566 2849 aaut,
586 2795 727 2854 nusquam
746 2795 807 2836 esse
827 2778 923 2838 locum
938 2773 1044 2912 figendi
1061 2773 1155 2854 pedis:
1176 2771 1249 2844 alii„

96 2857 215 2916 foedera
235 2855 266 2914 ia
286 2853 388 2934 quibas
408 2855 442 2918 de
498 2862 609 2914 stesso
628 2857 774 2927 stabilitas,
794 2855 912 2914 subinde
932 2875 949 2913 a

99 2935 174 2996 Sunt
186 2935 335 3013 eiiam-qni
344 2934 494 3015 allegorice
504 2934 670 3014 intelligant,
678 2932 831 2994 iastosDei
841 2933 1011 3004 sacerdotes,
1022 2932 1071 3012 qai
1084 2937 1166 2990 erant
1178 2936 1233 2988 ter-

97 3035 146 3076 rae
158 3015 271 3074 labare
281 3013 397 3075 emedio
406 3013 543 3074 sublatos.
558 3013 616 3073 Sed
627 3031 681 3094 ego
690 3013 887 3094 metaphoram
897 3011 932 3072 ab
943 3010 1076 3078 aediliciis
1091 3016 1236 3090 sumptam

59 3127 65 3134 ·
98 3114 160 3155 osso
169 3092 352 3169 aondubito‚
367 3113 449 3172 quae,
464 3093 569 3190 dirutis·
579 3093 777 3167 fundamentis,
791 3099 851 3152 tota
868 3091 1017 3188 concidere
1026 3097 1057 3150 et
1066 3109 1181 3171 pessum
1194 3089 1236 3184 ire

65 3300 71 3316 .
98 3171 1236 3333 watiztitstttltlttttttitd'ttttttttttlt

96 3341 156 3393 tam
176 3331 332 3392 crudeliter
348 3331 448 3412 plactis
471 3331 559 3412 idque
577 3333 653 3402 lacit,
663 3333 768 3414 partim
787 3337 821 3392 at
839 3331 931 3392 bonae
950 3330 1140 3392 conscientiae
1158 3329 1235 3390 tosti-

97 3413 199 3473 monio
218 3431 251 3471 se
269 3412 301 3471 ia
319 3411 403 3472 malis
421 3411 541 3472 soletur:
560 3413 666 3494 partim
684 3419 718 3472 at
737 3411 790 3472 sibi
809 3411 846 3470 ad
866 3430 947 3491 spera
965 3411 1140 3472 liberationis
1158 3415 1235 3470 tren·

97 3496 187 3572 sitnm
206 3491 301 3552 faeiat.
332 3489 407 3550 Nam
429 3490 496 3552 inde
520 3491 556 3551 ad
582 3491 714 3552 lidueiam
734 3493 873 3552 animatas
893 3491 960 3565 luit,
980 3490 1059 3630 puod
1078 3509 1115 3550 es
1135 3507 1236 3550 causae

98 3571 231 3634 bonitate
248 3571 411 3652 mneipcret
424 3568 527 3631 Deum
546 3589 564 3632 a
582 3578 663 3653 parto
682 3590 734 3632 sua
753 3578 838 3646 stare,
858 3570 968 3650 sibique
999 3582 1049 3632 ore
1068 3569 1234 3650 propitiam.

190 3741 224 3812 4.
246 3745 364 3812 lehara
385 3743 557 3838 ia-pelatio
580 3717 749 3813 sanctitatis
772 3767 857 3826 suae,
878 3725 995 3846 debora
1016 3743 1049 3810 in
1072 3742 1167 3812 coelis
1190 3765 1237 3808 so
1282 3731 1316 3754 “’

27 3939 32 3946 ι
99 3851 179 3918 lium
208 3852 294 3918 eius:
323 3850 406 3919 oculi
435 3852 503 3919 eius
524 3851 691 3934 videbant,
719 3849 884 3942 palpebrae
907 3849 974 3917 eius
996 3848 1238 3918 considerabunt

99 3957 183 4024 filios
210 3955 389 4025 hominum.
434 3959 464 4026 5.
487 3957 604 4026 lehova
620 3958 745 4024 iustum
767 3952 926 4048 probabit,
951 3957 1085 4052 impium
1107 3979 1184 4023 vcro
1206 3964 1239 4022 et
1279 3965 1294 3986 ““

100 4063 154 4152 qur
178 4061 504 4168 arrsgrrjaqaurem,
527 4063 593 4132 oar
614 4047 716 4130 anila
740 4063 817 4130 eius.

178 4209 208 4270 4
231 4211 393 4268 [elocuta
454 4211 549 4276 tarso,
576 4207 660 4268 Nunc
685 4193 815 4288 sequitur
841 4207 889 4268 illa
914 4225 1000 4286 quam
1021 4206 1079 4264 dixi
1100 4197 1238 4285 gloriatio,

99 4307 165 4350 nam
184 4285 321 4348 hamanis
340 4289 408 4346 ausi
420 4289 452 4346 iis
472 4287 607 4348 exclusas
627 4287 738 4360 David,
763 4288 799 4346 ad
819 4285 875 4346 Doi
915 4277 1103 4348 residentiam
1122 4301 1153 4342 se
1172 4303 1238 4350 oon·

102 4369 168 4431 lert.
198 4367 324 4448 insignis
342 4385 413 4428 varo
433 4367 479 4446 (ut
498 4365 655 4448 alibidixi)
675 4367 746 4432 baeu
760 4367 826 4428 [idei
840 4307 976 4448 probatio
985 4371 1147 4446 auorum
1162 4370 1238 4428 uno·

982 2853 1047 2914 aule
1061 2859 1147 2934 rupta
1162 2863 1233 2912 esse.
1327 2917 1329 2922 ,
