2804 4890
441 303 485 343 itt
524 303 801 360 Pantitxxxl.
1159 313 1212 372 225
1313 304 1317 316 ¹

874 370 880 391 ,
1320 363 1324 372 .

59 427 279 490 fortitudinem:
299 427 357 488 acsi
377 426 492 500 diecret,
512 424 644 486 sufficere
663 425 699 488 ad
710 427 883 491 scindendos
894 445 992 490 omnes
1011 428 1130 511 laqueos
1145 415 1212 518 'qut

58 507 119 570 bus
138 509 269 580 irmtitos
289 507 368 568 videt
385 508 504 568 miseros
523 505 663 568 homines.

153 699 188 780 ὅ.
209 707 248 776 ln
269 729 368 776 manu
394 715 449 774 tua
471 707 703 780 commendabo
730 696 875 799 spiritum¹
903 732 1022 794 meum,
1050 711 1211 781 redemisti

57 841 114 886 me
138 815 261 884 lehova
283 814 377 882 Deus
395 813 543 882 veritatis.
589 814 620 882 o.
643 815 727 882 Odio
749 814 847 881 habui
870 838 982 884 omnes
1006 815 1209 888 observantes

55 924 220 991 vanitates
242 921 385 988 fallacest
408 943 467 1011 ego
490 929 598 987 sutem
620 921 655 988 in
673 920 788 988 lehova
812 921 944 1010 speravi.
991 921 1208 993 7.Exsultabo

55 1040 90 1096 et
111 1027 261 1098 laetabor
281 1027 315 1094 in
336 1025 476 1094 bonitate
497 1035 566 1094 tua:
591 1026 664 1117 quia
686 1025 852 1118 respexisti
863 1025 1064 1096 afflictionem
1086 1033 1207 1100 meam:

56 1135 245 1227 cognovisti
265 1133 300 1200 in
321 1131 471 1224 angustiis
492 1119 632 1200 animam
653 1157 773 1201 meam:
818 1135 850 1200 8.
872 1131 915 1199 Et
936 1157 1003 1202 non
1026 1135 1209 1206 conclusisti

54 1265 111 1310 me
133 1242 172 1308 in
194 1261 295 1306 manu
316 1237 448 1306 inimici:
471 1238 606 1306 statuisti
627 1238 661 1304 in
685 1239 846 1309 latitudine
867 1239 966 1330 pedes
988 1263 1090 1309 meos.
1216 1235 1221 1253 ‘

140 1387 173 1450 5.
194 1389 238 1446 Ias
256 1407 348 1445 maes
366 1391 429 1444 toan
468 1381 577 1444 lterum
596 1383 683 1444 fidens
704 1404 785 1446 susm
804 1383 870 1444 Deo
891 1386 1026 1466 proponit
1045 1385 1152 1460 David,
1172 1409 1208 1452 ac

56 1473 186 1528 testatur
204 1485 237 1526 se
256 1471 367 1525 tantum
387 1463 504 1524 honoris
524 1465 648 1524 tribuere
668 1463 724 1524 Dei
744 1465 947 1545 providentiae,
968 1472 1000 1526 ut
1020 1485 1085 1528 suas
1106 1488 1206 1530 omnes
1255 1475 1256 1482 ’

58 1565 145 1606 curas
165 1547 196 1606 in
218 1563 282 1604 eam
301 1550 445 1604 exoneret.
487 1543 624 1623 Quisquis
644 1546 720 1604 enim
740 1565 771 1604 se
790 1546 944 1610 committit
963 1547 992 1604 in
1013 1543 1069 1607 Dei
1089 1567 1206 1610 manum

59 1633 89 1687 et
109 1625 284 1698 custodiam,
303 1643 362 1684 non
381 1623 468 1684 modo
488 1643 555 1682 eum
576 1623 628 1682 sibi
648 1623 702 1684 tert
722 1623 860 1684 arbitrum
880 1625 956 1682 vitae
975 1629 1004 1682 et
1024 1628 1133 1700 mortis,
1155 1629 1206 1690 sed

59 1705 176 1787 placide
195 1706 271 1763 inter
291 1703 386 1764 omnia
406 1703 531 1782 pericula
550 1704 580 1761 in
600 1705 661 1762 eius
679 1703 850 1782 praesidium
863 1702 1011 1762 recumbit.
1046 1703 1141 1766 Verbo
1162 1708 1205 1768 su·

58 1787 118 1846 turi
138 1784 279 1864 temporis
299 1783 466 1844 continuum
486 1790 583 1842 actum
602 1781 679 1842 baud
700 1781 783 1841 dubie
804 1783 940 1862 designat,
960 1783 1055 1862 itaque
1075 1787 1104 1844 in
1126 1805 1205 1865 prae·

58 1865 139 1924 senti
158 1871 225 1944 apte
245 1863 374 1922 vertitur.
412 1859 579 1922 Notandum
598 1881 669 1922 vero
689 1867 741 1934 est,
761 1859 822 1920 fieri
842 1881 900 1920 non
920 1881 1005 1940 posse
1027 1867 1142 1942 etquis
1162 1867 1205 1926 vi·

58 1950 126 2002 mm
146 1963 226 2002 suam
244 1940 311 2002 Deo
330 1960 398 2000 vere
417 1941 606 2019 commendet,
631 1941 686 2000 nisi
710 1941 761 2020 qui
780 1941 858 2000 mille
880 1939 1020 2000 mortibus
1040 1961 1070 2002 se
1091 1948 1204 2023 eapost-

60 2031 130 2082 tnm
150 2029 292 2102 reputans,
316 2021 393 2080 illan
413 2020 459 2079 vel
479 2019 585 2080 de'lilo
609 2021 732 2102 pendere
753 2023 852 2090 confit,
871 2021 918 2080 vel
938 2018 973 2080 ab
992 2023 1112 2082 evanido
1131 2024 1211 2084 flatu.

57 2102 136 2162 nibil
156 2102 215 2160 lere
234 2101 354 2160 dillerre.
384 2099 433 2159 Sto
454 2097 551 2160 David
569 2101 598 2160 in
618 2119 730 2160 summa
750 2100 947 2180 desperatione
965 2121 1054 2186 uuum
1075 2099 1131 2162 la'oc
1150 2103 1204 2170 sibi

56 2184 208 2262 reliquum
230 2179 313 2254 tant,
340 2187 375 2240 ut
397 2179 463 2240 Deo
489 2180 565 2240 vitae
588 2181 765 2240 eustodaae
788 2179 917 2260 praeside
941 2180 1040 2254 fretus,
1066 2181 1205 2244 incursu

55 2262 116 2324 sno
136 2265 247 2342 pergat.
287 2259 392 2320 Mirum
412 2267 456 2322 est
475 2266 581 2333 autem,
606 2277 696 2340 quum
721 2279 775 2320 nos
795 2279 894 2320 omnes
913 2267 973 2320 tam
989 2259 1079 2320 molta
1099 2259 1202 2322 solliei-

56 2348 133 2414 tent,
153 2343 206 2400 via
225 2342 410 2400 centesimum
430 2359 573 2420 quemque
592 2338 650 2400 buc
670 2357 761 2420 nsque
781 2359 893 2428 sapere,
909 2347 942 2400 ut
960 2343 1049 2400 vitam
1069 2361 1150 2402 suam
1170 2345 1201 2404 in

57 2421 120 2482 Dei
138 2440 230 2482 mann
249 2420 381 2500 deponat
412 2419 491 2480 Laeti
511 2421 647 2486 etseeuri
665 2421 695 2480 in
712 2421 785 2480 diem
796 2421 1002 2495 multivivunt,
1022 2422 1080 2480 acsi
1100 2442 1215 2504 eorum⁸

58 2501 189 2563 conditio
209 2499 293 2559 nidus
308 2506 387 2560 esset
409 2500 589 2579 tranquillus,
615 2506 645 2559 et
668 2499 704 2562 ab
724 2501 801 2560 omni
823 2501 1005 2560 incommodo
1030 2502 1202 2578 reconditus,

57 2581 149 2642 simul
170 2599 238 2640 vero
264 2597 300 2638 ac
318 2587 412 2640 metus
437 2581 539 2659 aliquis
563 2579 689 2640 obiectos
709 2586 761 2652 est,
780 2599 898 2660 prorsus
918 2600 968 2640 eos
988 2582 1131 2642 exanimat
1151 2602 1201 2642 an·
1245 2633 1250 2648 ,
1300 2623 1302 2628 -

57 2664 163 2722 xistus·
204 2659 247 2720 lta
265 2658 299 2718 lit
318 2667 351 2720 ut
370 2679 516 2740 nunqnam
536 2677 567 2721 so
586 2659 622 2720 ad
643 2657 739 2720 Deum
758 2659 893 2719 referant:
918 2663 985 2740 quia
1010 2660 1057 2720 vel
1077 2681 1108 2720 se
1129 2662 1202 2722 deci·
1272 2666 1281 2692 ‘¹

56 2745 147 2824 piant
171 2741 253 2800 vanis
277 2739 431 2816 illecebris,
456 2739 503 2798 vel
526 2739 714 2820 trepidatione
738 2740 877 2820 perculsi,
896 2757 1060 2820 pavoreque
1079 2743 1201 2816 attoniti,

57 2819 175 2882 nultum
196 2825 331 2900 paternae
351 2821 412 2880 eius
431 2819 626 2898 sollicitudinis
636 2825 751 2900 gustum
771 2821 895 2898 capiunt.
925 2817 1017 2880 Porro
1038 2840 1127 2898 quum
1147 2841 1200 2882 nos

57 2902 136 2960 varii
157 2918 292 2960 curarum
316 2907 410 2960 aestus
430 2900 582 2980 exagitent,
606 2919 640 2958 ae
664 2897 806 2960 interdum
830 2901 916 2958 etiam
941 2900 1108 2978 praecipites
1133 2901 1199 2960 deii·

60 2984 150 3052 ciant,
171 2979 218 3038 vel
238 2979 378 3060 abripiant
397 2998 415 3038 a
433 2989 512 3040 recto
537 2977 624 3038 officii
648 2997 748 3050 cumn,
773 2978 821 3036 vel
845 2977 944 3037 saltem
970 2979 1005 3037 de
1031 2978 1119 3057 gradu
1138 2999 1200 3038 mo·

58 3067 164 3120 veant:
185 3059 318 3118 omnibus
337 3059 467 3120 sedandis
487 3059 604 3117 unicum
623 3056 680 3118 hoo
699 3057 854 3118 remedium
875 3063 934 3129 est,
953 3055 1059 3129 Deum,
1080 3059 1130 3136 qui
1150 3079 1200 3118 no·

58 3140 105 3200 bis
125 3145 229 3200 auctor
248 3145 291 3198 est
310 3141 395 3210 vitae,
414 3139 537 3200 eundem
557 3156 673 3218 quoque
692 3157 753 3198 esse
772 3144 1015 3200 conservatorem:
1036 3155 1124 3213 unum
1144 3137 1201 3197 lroe

61 3219 195 3280 omnium
220 3238 340 3278 onerum
364 3220 503 3292 levamen,
527 3237 564 3276 ne
589 3237 719 3278 moerore
744 3237 896 3299 oppressos
921 3217 1080 3296 desperatio
1104 3216 1199 3276 absor-

60 3299 135 3360 beat.
178 3295 305 3375 Quando
323 3301 420 3379 itaque
440 3297 520 3358 Deus
543 3298 620 3358 vitae
642 3305 757 3358 nostrae
777 3316 874 3357 curam
894 3297 966 3356 susci
988 3315 1035 3356 ere
1055 3303 1084 3356 et
1104 3316 1200 3376 gerere

62 3381 207 3460 dignatur,
227 3379 357 3458 quamvis
377 3373 496 3438 subinde
515 3380 610 3437 variae
629 3385 734 3438 mortes
757 3377 946 3456 impendeant,
966 3318 1106 3438 discamus
1127 3396 1199 3438 sem·

61 3479 115 3540 per
134 3458 172 3518 ad
193 3457 251 3518 boc
276 3459 389 3543 asylum
409 3459 577 3538 coningere:
600 3458 659 3516 imo
684 3477 743 3537 qno
767 3456 895 3536 pluribus
920 3457 1040 3536 quisque
1064 3456 1199 3536 periculis
1270 3461 1272 3466 ’

63 3539 208 3598 obnoxius
232 3544 289 3611 est,
311 3541 342 3598 in
366 3538 420 3599 bac
443 3539 624 3598 meditatione
644 3537 777 3596 attentius
801 3556 832 3596 se
851 3541 992 3608 exerceat,
1012 3535 1059 3595 lrie
1079 3535 1200 3615 deniqne

63 3619 145 3678 nobis
170 3625 272 3678 contra
296 3637 395 3678 omnes
420 3618 542 3678 insultus
562 3615 755 3676 discriminum
774 3617 893 3696 clypeus
913 3615 958 3688 sit,
981 3621 1081 3676 contro
1100 3635 1200 3676 omnes

62 3699 229 3758 iactationes
255 3704 284 3758 et
308 3697 448 3778 procellas
473 3699 511 3758 sit
534 3697 635 3768 statio,
655 3695 796 3774 Quamvis
821 3695 856 3754 de
875 3695 966 3754 salute
985 3701 1083 3755 nostra
1103 3703 1199 3756 aetam
1277 3741 1281 3750 ,

62 3781 107 3851 sit,
133 3777 233 3838 Deum
258 3785 353 3839 tamen
379 3779 469 3839 fidam
494 3795 556 3836 esse
583 3778 644 3836 eius
668 3775 828 3836 custodem:
858 3774 925 3834 hinc
950 3774 1051 3834 deinde
1075 3765 1199 3853 emendat

62 3861 200 3939 precatio,
225 3866 258 3918 ut
282 3879 345 3920 eam
369 3859 451 3920 Deus
475 3856 610 3916 tuendam
640 3861 669 3916 et
692 3855 871 3914 asserendam
899 3855 1043 3934 suscipiat.
1089 3851 1200 3914 Elliciet

62 3940 148 3998 etiam
169 3937 241 3998 baec
260 3937 364 4000 fiducia
383 3945 416 3999 at
440 3939 561 4018 quisque
586 3955 616 3995 se
637 3935 672 3996 ad
692 3934 854 3994 obeundum
874 3936 1031 3994 vocationis
1050 3953 1118 3994 suae
1138 3953 1200 3992 mn·

61 4037 116 4156 tt
131 4018 437 4158 tttt¹⁰n⁰ttttt
457 4019 659 4154 ”diffidi
676 4022 846 4154 iiiiii
863 4013 1066 4172 tttttttt
1083 4019 1201 4152 ttttt

62 4177 180 4246 resides,
195 4119 248 4236 ¹dlii
267 4177 375 4258 perfide
400 4177 527 4238 officinm
547 4175 690 4250 deserant,
715 4176 769 4234 nisi
789 4177 855 4255 qnia
875 4165 993 4234 nimium
1013 4172 1124 4252 providi
1145 4179 1198 4230 ter·

63 4264 164 4318 notor
185 4259 318 4337 periculis
337 4265 367 4320 et
385 4255 586 4318 incommodis:
597 4256 721 4314 nullum
740 4251 925 4315 interea.Dei
944 4251 1139 4334 providentiae
1157 4249 1198 4308 lo·

64 4355 129 4398 cunr
148 4337 325 4418 relinquam
365 4337 498 4418 Denique
518 4337 646 4414 quisquis
668 4337 698 4395 in
718 4333 934 4414 Deipraesidie
958 4349 1017 4390 non
1037 4331 1199 4410 acquiescit,

63 4425 96 4478 ut
113 4420 177 4492 eins
197 4418 266 4480 fidei
284 4427 315 4482 et
334 4419 441 4480 tutelae
460 4417 549 4476 vitam
568 4433 649 4476 suam
659 4413 847 4490 commendet,
866 4410 995 4474 nondum
1015 4409 1084 4490 quid
1103 4411 1139 4472 sit
1158 4412 1198 4472 vi-

87 4515 194 4558 carana·
207 4517 229 4558 a·
244 4517 322 4560 unta.
337 4519 399 4560 roa.
414 4517 433 4558 1.
469 4503 499 4534 ·“
708 4527 711 4533 ’
843 4492 882 4557 15

91 4661 102 4697 '
141 4730 145 4740 .
774 4689 793 4736 a
