2748 4890
448 311 779 386 ιιιιιιιιιιιιιιι.
974 324 978 336 «
1141 315 1209 382 m.
1273 275 1277 292 ⁵

39 435 89 494 ad
111 448 227 496 saur-um
247 433 369 513 asylum.
411 425 549 494 Et‘oerte
568 435 622 494 uisi
646 408 701 494 nod
725 435 761 494 ad
786 419 957 516 prmaodsm
978 436 1112 502 sollidlet
1130 459 1198 522 prus

39 517 227 574 missionum
247 513 304 574 Dei
323 510 479 578 meditatio.
499 516 535 574 sd
555 533 608 574 nos
628 515 807 577 sustinendos
827 516 919 596 impar
936 518 999 576 erit
1040 515 1196 596 Quomodo

40 597 131 654 enim
154 593 217 654 tieri
237 599 342 674 polest,
367 593 422 653 nisi
441 595 576 654 virtmem
598 591 677 653 Deos
697 595 867 673 suppeditet,
888 601 921 654 ot
939 601 984 656 tut
1002 599 1097 676 pravis
1174 601 1181 618 ⁸

39 673 212 769 dationibus
224 675 319 768 'simos
335 675 508 770 poperiomo,
549 693 602 770 usp
621 673 738 810 sinsgulis
753 677 904 734 moeniis
914 693 955 770 ¹sa
973 614 1196 774 ingeruql‘ffi

42 753 390 916 tztttttltttt·
404 771 504 910 titt
518 771 635 893 itt:
660 753 1194 914 ttddtltttttt‘tt

43 933 126 972 mox
147 931 179 972 se
198 911 234 971 ad
254 931 353 994 praeeo
372 913 481 992 recipit,
500 911 654 993 Deumque
673 913 717 972 sni
727 911 834 974 doloris
853 917 957 974 testem
976 914 1106 976 sdvooat.
1136 915 1194 978 Per

42 1005 169 1053 terrum
187 993 330 1066 lordonis
349 991 514 1072 intelligitur
526 994 611 1074 regio
630 1009 705 1072 quae
714 991 834 1052 iudaeae
847 999 979 1072 respectu
993 995 1193 1058 transfluvialis
1214 1042 1220 1078 ,
1281 978 1293 1006 ’

42 1080 129 1131 erat:
157 1072 237 1152 quod
254 1071 355 1130 melios
381 1071 517 1152 probatur
540 1091 579 1132 ex
602 1074 717 1132 nomine
735 1075 919 1132 Hermoton.
958 1069 1010 1134 sto
1033 1075 1109 1136 enim
1128 1076 1193 1155 pla3

43 1153 106 1211 rali
133 1169 256 1212 numero
280 1157 402 1210 vocator
424 1153 583 1216 continuus.
599 1157 708 1212 traotm
731 1153 836 1212 montis
856 1149 983 1212 Hannon
1007 1159 1126 1234 propter
1150 1155 1191 1214 di·
1214 1203 1216 1210 Α

44 1249 139 1291 versa
166 1231 326 1300 eacumina,
352 1235 381 1289 et
400 1229 475 1290 lorte
499 1249 648 1291 nnmerum
673 1229 813 1312 pluralem
839 1230 969 1290 oonsulto
994 1233 1106 1312 poso'it,
1123 1235 1192 1314 quie

42 1331 121 1370 eum
142 1309 202 1370 bno
221 1309 288 1369 illnu
307 1309 464 1370 discurrere
482 1315 511 1370 at
528 1310 627 1390 vagari
652 1317 767 1392 cogeret
791 1311 884 1369 timor.
924 1313 1033 1372 Miser
1055 1314 1192 1392 exiguom

42 1390 139 1450 multi
164 1392 399 1464 intendantur,
428 1395 458 1449 et
481 1390 583 1452 volout
607 1389 722 1470 oblique
752 1389 874 1449 oooierri
897 1407 964 1450 oum
987 1397 1085 1452 monte
1109 1392 1192 1466 Sion,

43 1471 137 1610 quqffii
157 1411 256 1610 lldaqid
274 1469 376 1610 qqqutm
396 1467 502 1552 alioqui
522 1488 644 1552 parvum
663 1471 754 1532 monti
773 1469 909 1530 ultissimo
929 1469 1092 1550 praeferret,
1112 1471 1192 1554 qood

44 1569 81 1611 m
146 1567 176 1608 m
197 1569 260 1611 eur
359 1567 417 1608 um.
1184 1565 1208 1599 -’

140 1733 178 1802 8.
201 1733 345 1824 Abyssua
372 1733 412 1800 ad
439 1733 591 1825 abyssum
617 1733 730 1802 clamat
756 1733 796 1800 ad
824 1757 936 1804 vocem
964 1734 1119 1804 canulium
1144 1747 1226 1842 ¹¹¹7:
1273 1783 1276 1786 -
1362 1817 1367 1826 1

46 1861 164 1908 orum:
192 1859 307 1908 omnes
326 1839 442 1908 duetus
463 1841 519 1930 toi
538 1852 571 1908 et
593 1863 706 1908 omues
733 1839 902 1908 illuviones
923 1850 997 1910 tuae
1019 1865 1115 1933 super
1136 1865 1191 1920 me
1312 1864 1320 1878 ¹

47 1945 253 2013 transierunt
297 1946 328 2013 9.
351 1945 414 2014 Die
425 1945 585 2014 mandabit
594 1945 711 2014 lehovu
733 1945 904 2014 bonitatem
920 1958 1076 2029 suam-et
1095 1957 1190 2016 nocte

49 2052 213 2119 canticum
237 2050 304 2119 eius
326 2075 463 2136 mecum,
486 2051 585 2119 oratio
608 2051 649 2118 ad
669 2051 777 2118 Deum
800 2050 882 2118 vitae
905 2074 1003 2118 meae.

134 2196 164 2260 8.
184 2195 316 2276 Abyssus
344 2195 387 2256 od
408 2196 554 2278 odyssum
597 2193 766 2256 novenis
796 2201 855 2254 tam
877 2195 1025 2256 mulorum
1055 2159 1187 2279 &vitan

48 2294 142 2356 quarn
157 2277 307 2354 congeries
326 2282 357 2334 et
376 2273 543 2336 diotomitas
562 2275 744 2356 exprimitur:
764 2273 956 2348 aosidixisset,
976 2295 1034 2336 non
1055 2295 1113 2338 mo
1126 2284 1188 2338 tan·

48 2364 115 2414 tum
136 2361 241 2436 genere
260 2355 400 2414 malorum
424 2373 455 2415 ae
474 2355 574 2437 premi,
598 2355 647 2414 sed
666 2355 744 2412 varia
763 2352 883 2414 subinde
901 2371 1055 2430 recurrere,
1074 2361 1107 2415 ot
1125 2357 1188 2416 nol·

49 2435 98 2494 lus
118 2437 156 2494 sit
176 2425 242 2494 linis
266 2453 319 2493 neo
342 2433 454 2494 modus.
494 2433 591 2494 Primo
610 2435 708 2514 edyssa·
732 2433 847 2492 nornine
866 2433 997 2508 ostendit,
1016 2437 1188 2496 tentationes

52 2515 161 2593 quibos
182 2511 380 2594 impetebatur,
399 2513 501 2574 merito
511 2532 596 2595 posse
608 2511 764 2594 gurgitibus
774 2511 909 2572 conferri:
929 2520 1027 2593 postea
1047 2515 1084 2574 da
1102 2515 1189 2596 longa

49 2594 265 2653 continuatione
285 2585 425 2674 qieritor,
449 2600 480 2655 et
499 2593 613 2674 quidem
632 2595 776 2672 aptissima
795 2591 900 2730 tiqora,
919 2592 997 2672 quod
1015 2597 1188 2655 tentationes

48 2693 82 2732 ae
101 2672 206 2754 proml
223 2671 384 2747 inclament,
403 2679 432 2733 et
451 2673 522 2733 aliae
541 2673 610 2732 alias
629 2677 782 2732 aooereant
838 2692 855 2729 n
879 2671 1004 2732 secunda
1023 2680 1104 2753 parte
1123 2689 1187 2733 ver·

49 2772 99 2811 sus
125 2749 322 2832 metaphoram
346 2754 540 2834 prosequitur,
569 2753 648 2832 quod
677 2771 777 2812 mones
790 2753 909 2833 fluetus
932 2761 960 2812 et
982 2753 1188 2814 mosedullunes
1256 2756 1259 2766 '

49 2836 111 2892 Det
133 2853 224 2914 asper
248 2839 334 2912 capot
358 2851 441 2892 suom
467 2841 657 2892 mosteront.
698 2829 814 2908 Quibus
839 2829 933 2890 verbis
957 2831 1095 2911 signifieat
1114 2833 1186 2894 albi·

50 2915 180 2971 otiorum
200 2909 276 2970 mole
294 2930 325 2971 ee
337 2911 431 2972 -soisse
450 2909 584 2972 obrutum
604 2918 633 2971 et
650 2909 915 2990 'quasiabsorplom
954 2909 1013 2970 Sed
1027 2911 1187 2978 notandum

49 2999 96 3050 est
116 2991 197 3072 quod
216 2991 361 3050 saevitiam
380 2989 475 3058 Saulis
495 2998 525 3051 et
543 2990 678 3064 hoellum,
697 2993 757 3050 Des·
774 2991 983 3050 inundationes
1000 2990 1133 3071 appellat,
1152 2998 1187 3052 ut

48 3071 264 3131 meminerimus
283 3089 397 3152 semper
414 3073 445 3132 in
463 3069 550 3131 rebus
569 3070 694 3129 adversis
718 3087 771 3128 nos
791 3067 941 3129 homiliare
964 3068 1018 3130 sads
1042 3071 1109 3130 forti
1128 3068 1186 3132 Dei

48 3171 141 3211 manu
166 3167 240 3230 quae
264 3169 317 3210 nos
335 3151 445 3290 aldipit.
484 3149 565 3210 Ultra
592 3149 692 3210 deiude
716 3149 849 3230 progredi
868 3165 971 3228 operae
992 3151 1112 3228 pretium
1132 3157 1184 3226 eso

38 3234 72 3290 ‹si
94 3234 126 3290 io
145 3249 200 3290 nos
219 3229 358 3290 violenter
376 3249 474 3312 puero
493 3230 561 3290 velit
576 3227 667 3302 Deos,
686 3230 805 3288 simulao
824 3245 890 3286 suas
909 3235 1064 3288 eatsraetm
1084 3247 1185 3310 apem·

47 3313 106 3370 erit
129 3310 178 3370 vel
203 3309 329 3384 oanales,
353 3311 463 3370 nudum
493 3309 581 3370 linem
605 3307 687 3368 malis
711 3309 816 3368 nostris
840 3305 914 3380 iore,
940 3307 1032 3368 donee
1056 3310 1185 3389 placatus

47 3391 146 3450 inerit.
186 3387 278 3450 Habet
301 3390 375 3450 euim
399 3391 485 3450 miras
505 3395 535 3450 et
558 3389 716 3470 iooognitas
735 3389 869 3460 rationes,
891 3387 997 3467 quibus
1016 3407 1070 3448 nos
1089 3407 1183 3470 perse·

48 3478 167 3551 quator.
206 3468 248 3529 lta
266 3467 316 3529 ubi
334 3469 364 3530 iu
384 3489 437 3530 nos
456 3471 497 3530 iro
517 3467 760 3540 eiuselierboerit,
779 3487 838 3526 oon
853 3485 909 3526 noa
920 3468 1006 3528 modo
1025 3469 1080 3528 erit
1098 3468 1183 3548 abys-

47 3569 100 3609 sos
124 3549 162 3610 ad
186 3569 239 3609 nos
258 3549 462 3628 deglutiendos,
488 3549 537 3609 aad
564 3547 684 3628 abyssus
708 3547 744 3607 sd
765 3546 900 3625 abyssum
919 3546 1061 3608 clamabit.
1100 3546 1184 3625 Quo-

45 3631 127 3690 niam
152 3647 187 3689 ea
210 3635 254 3690 est
277 3627 424 3690 hominum
448 3629 596 3702 sooordia,
616 3635 648 3690 ut
672 3629 818 3687 nonsatis
842 3632 972 3687 metuant
996 3625 1052 3689 Dei
1076 3630 1184 3690 missso

47 3710 165 3789 quoties
184 3711 277 3789 agitur
295 3709 331 3768 de
350 3710 410 3769 eius
428 3709 563 3782 vindicta,
582 3709 678 3790 veniat
697 3705 778 3767 nobis
796 3706 961 3767 hievernus
980 3707 1009 3766 io
1027 3715 1163 3770 meatem.

130 3791 159 3852 9.
178 3791 238 3850 Dte
255 3790 414 3850 mododtt.
455 3785 628 3869 Quanquam
648 3785 769 3847 verbum
787 3793 832 3846 est
849 3785 939 3845 iuturi
955 3788 1181 3869 leporinum

47 3887 124 3947 nego
143 3887 228 3950 posse
245 3869 275 3928 in
294 3869 478 3950 praeteritum
503 3868 617 3938 resolvi,
641 3871 674 3926 ut
693 3866 809 3947 quidam
828 3865 945 3940 iaoiunt,
970 3869 1021 3947 qoi
1041 3865 1181 3928 Davidem

48 3955 155 4026 potent
173 3947 319 4029 superiora
338 3945 395 4008 Dei
414 3943 553 4008 benelioit
570 3945 712 4026 colligare,
735 3953 768 4006 ot
788 3946 823 4006 ds
843 3947 916 4004 tristi
935 3951 965 4005 et
983 3948 1088 4006 misero
1103 3953 1181 4007 stetu

47 4029 77 4087 io
97 4045 158 4108 qno
177 4029 298 4109 sugitur,
317 4027 512 4090 vehementius
525 4026 701 4108 expostulet:
720 4025 778 4086 ausi
797 4025 916 4099 dinissit,
936 4022 996 4103 Qui
1006 4025 1039 4086 fit
1058 4023 1182 4086 otDaos

47 4107 98 4186 qni
118 4125 149 4167 ae
168 4107 239 4170 milri
257 4113 316 4168 lam
336 4107 501 4168 clementem
517 4115 583 4166 sule
601 4105 739 4180 exhibuit,
758 4123 835 4166 nuno
855 4106 936 4186 quasi
954 4111 1065 4166 mutato
1082 4107 1181 4166 auimo

48 4205 192 4250 sommum
211 4188 335 4267 rigorem
353 4188 484 4250 exserat?
503 4185 563 4247 Sed
582 4187 648 4268 quia
672 4185 751 4246 oolla
775 4185 848 4245 ratio
871 4185 949 4264 sugit
966 4190 1081 4266 tempus
1099 4184 1179 4246 esebi

47 4273 170 4343 mutare,
194 4265 323 4348 adeoque
347 4267 433 4327 altera
458 4267 598 4348 expositio
625 4265 771 4326 contextui
795 4264 908 4325 videtur
925 4264 1027 4342 aptior,
1050 4283 1114 4324 eam
1133 4285 1180 4324 se·
1283 4263 1286 4272 '

48 4365 177 4424 qoamor.
216 4343 357 4428 Equidem
375 4367 434 4408 uon
455 4365 584 4428 repugno
645 4348 673 4405 in
693 4343 854 4405 Davidllei
873 4341 1008 4404 bauelioia
1028 4363 1102 4425 quae
1121 4345 1179 4405 lam

47 4434 179 4507 expertus
202 4425 310 4507 luerat,
334 4427 364 4486 in
388 4425 454 4488 fidei
479 4443 547 4488 suae
573 4367 733 4486 mdssidiom
759 4423 894 4486 adduostr
923 4423 1056 4489 noum
1080 4431 1180 4486 tamen
