2726 4888
502 323 850 368 reassumam.
1189 327 1244 388 529
1320 341 1324 363 .

100 445 177 527 quia·
193 445 229 506 si'
243 446 372 526 cognitae
396 447 456 506 eins
481 447 583 507 airtuti
607 445 759 506 tribulatus
784 447 889 506 iustam
915 465 950 507 ao
976 444 1099 507 debltam
1118 447 1242 526 lauden,
1272 438 1276 462 ¹

100 543 250 606 nunquam
270 544 323 586 nos
342 525 454 586 defioiet
473 525 546 586 bene
565 525 697 622 sperandi
717 544 750 584 ar
769 533 926 588 omentum.
957 524 1084 588 Tandem
1103 545 1168 589 eoo
1205 549 1242 591 oe

98 605 233 744 progredi
293 611 366 666 ortet
386 603 591 666 bonitatisller
603 623 727 676 sensum,
748 545 780 665 lt
799 607 892 666 nosin
905 605 1120 668 admirationem
1141 615 1240 690 rapat
1347 645 1357 687 ι,

113 687 150 746 'ie
169 686 245 746 enim
286 691 315 744 et
334 692 367 745 ut
386 685 416 744 in
435 683 501 746 Deo
521 685 584 746 solo
604 685 786 765 aequiescunt
811 693 920 746 urentes
940 693 1064 760 nostrae,
1090 706 1164 768 quae
1183 687 1242 748 hue

99 771 130 825 et
148 764 217 825 ilino
235 763 354 824 subinde
378 783 467 846 prava
491 765 684 846 inquietudine
710 763 851 824 letantur.
893 764 971 825 Nam'
993 767 1076 846 siqua
1096 767 1178 826 nobis
1198 769 1240 828 in·

99 845 207 924 geritur
225 845 353 918 tentatio,
373 846 504 924 plotinus
522 864 560 904 ex
580 863 678 904 musea
699 843 818 904 iacimus
827 844 1017 925 elephantem:
1042 847 1101 905 imo
1121 845 1239 906 labriea·

99 943 164 984 mua
189 923 341 984 altissimos
365 931 490 998 montes,
520 924 570 1003 qni
594 923 651 984 Dei
673 941 791 984 manum
817 941 834 984 a
858 923 941 984 nobis
960 932 1084 984 ardeant.
1126 925 1241 988 interim

99 1000 156 1062 Dar
180 1006 337 1083 potentiam
361 1003 483 1084 maligne
512 1004 717 1084 restringimus.
758 1001 824 1062 llue
853 1022 922 1084 ergo
952 1003 1044 1064 tendit
1069 1005 1239 1066 exclamatio

98 1081 231 1157 Desidia,
250 1089 282 1142 ut
301 1083 443 1142 diseamus
461 1082 519 1142 ilde
528 1087 720 1164 perrumpere,
740 1087 770 1144 el
785 1082 918 1142 omnibus
929 1083 1137 1164 impedimentis
1156 1101 1240 1164 prae·

1 1159 2 1190 ³
99 1161 174 1222 terre
184 1160 239 1222 Dei
258 1164 424 1243 potentiam,
443 1163 527 1222 alenti
548 1169 680 1222 meretur.
711 1151 789 1222 Nam*
805 1163 858 1222 etsi
878 1162 1004 1222 latentur
1017 1181 1117 1223 omnes
1137 1163 1239 1240 verbe,

99 1241 211 1301 nullam
230 1259 293 1302 eaeo
312 1241 379 1303 Deo
399 1243 529 1317 similem,
549 1242 600 1302 via
620 1249 715 1302 tamen
735 1243 904 1302 centesimus
970 1241 1051 1322 isque
1069 1243 1183 1325 penitus
1202 1261 1256 1318 ao¹

1 1403 5 1436 p
99 1322 174 1382 serio
194 1339 347 1402 persuasus
366 1328 420 1398 eat,
440 1341 507 1383 earn
527 1341 617 1383 nuum
636 1321 673 1382 ad
692 1321 898 1382 servandums
950 1339 1024 1382 oete.

187 1519 241 1589 ro.
264 1519 345 1608 oua
367 1520 475 1592 virere
496 1545 549 1590 me
571 1519 671 1590 reuse
692 1519 908 1610 memnona
923 1542 1053 1614 magna
1075 1530 1108 1594 a
1128 1481 1261 1608 inm,-

1 1645 3 1678 r
99 1649 273 1696 conversus
299 1627 471 1696 vivificabis
497 1651 566 1710 me,
592 1637 625 1695 et
651 1651 693 1695 ex
715 1627 838 1717 abyssis
859 1635 959 1694 terrae
990 1649 1163 1696 conversus
1185 1651 1239 1696 ex·

1 1727 2 1759 ³
97 1731 191 1800 tolles
212 1757 274 1800 me.
319 1733 380 1800 212
396 1731 617 1826 multiplicabis
638 1732 888 1825 magnitudinem
915 1755 1030 1815 meam,
1056 1742 1089 1802 et
1110 1729 1238 1802 conver-

1 1825 2 1839 *
99 1860 154 1906 sus
182 1837 393 1906 consolaberis
420 1864 483 1908 me.
528 1841 583 1908 22.
611 1837 717 1907 Etiam
745 1862 806 1930 ego
836 1861 946 1906 canam
974 1837 1030 1906 tibi
1056 1837 1089 1906 in
1118 1861 1237 1931 organo

98 1944 222 2010 musico
250 1944 414 2011 veritatem
441 1955 529 2012 tuam
554 1945 646 2012 Deus
673 1967 780 2027 mens,
813 1942 946 2034 psallam
976 1943 1033 2010 libi
1060 1945 1093 2010 in
1120 1945 1236 2012 cithara

1 2052 4 2086 ¹·
99 2049 215 2116 Sancte
236 2048 342 2122 lsrail.
386 2050 440 2116 23.
462 2047 678 2117 Exsultabunt
704 2048 783 2116 labia
810 2071 882 2136 mea
910 2047 989 2114 dum
1016 2047 1149 2144 psallam
1170 2049 1237 2134 tibi,

1 2147 2 2152 ἵ
98 2165 131 2224 et
157 2155 260 2222 anima
289 2180 361 2224 mea
388 2180 485 2247 quarn
510 2155 681 2224 redemisti.
725 2151 779 2222 24.
801 2144 910 2221 Etiam
932 2153 1038 2246 lingua
1065 2179 1137 2222 mea
1159 2178 1237 2252 quo·

97 2261 173 2328 tidie
204 2262 400 2330 annuntiabit
431 2261 580 2330 iustitiam
614 2271 718 2331 tuamr
741 2259 824 2351 ¹quia
851 2258 1009 2350 pudefacti
1039 2269 1128 2345 sunt,
1160 2261 1236 2352 quia
1321 2281 1324 2288 ·

97 2365 269 2460 ignominia
291 2368 393 2437 affecti
414 2379 489 2436 sunt
510 2378 699 2460 quaerentes
719 2366 840 2456 malum
861 2389 981 2434 meum.

177 2515 225 2574 20.
249 2519 327 2589 Quia
350 2516 447 2575 uidere
475 2537 529 2574 me.
568 2513 665 2572 Soitar
693 2511 814 2572 verbnm
834 2509 956 2584 Videadi
986 2509 1063 2591 aptrd
1088 2507 1234 2596 Hebraeos

97 2593 244 2652 transferri
263 2592 300 2652 ad
325 2593 395 2654 alios
419 2611 532 2653 sensns:
557 2593 654 2672 itaque
678 2590 829 2650 mala-sibi
854 2597 968 2650 ostensa
991 2590 1079 2652 luisse
1104 2593 1235 2670 queritur

1 2727 2 2735 ,
97 2670 205 2747 David,
226 2689 300 2754 quae
355 2691 468 2754 rpeaana
486 2671 586 2732 lueret.
626 2670 718 2730 Siculi
737 2675 832 2728 aulem
851 2667 917 2730 Deo
941 2669 998 2728 tert
1016 2677 1148 2750 aooeptaa
1167 2689 1235 2730 suaa

1 2783 5 2816 :
72 2801 74 2809 ,
98 2751 292 2812 liberationem
313 2755 352 2814 ia
372 2771 485 2813 rursum
505 2749 618 2810 nonnisi
637 2753 699 2808 eius
719 2749 838 2808 oonsilio
861 2753 891 2808 et
914 2747 1062 2808 voluntate
1081 2748 1134 2808 sibi
1154 2751 1235 2830 quie·
1352 2753 1357 2766 '

98 2831 168 2911 quid
191 2835 348 2912 pertulerat
372 2833 514 2892 malorum
538 2830 625 2890 luisse
649 2830 788 2890 inlliotnm
818 2829 953 2908 agnoseit.
993 2825 1052 2886 Sed
1076 2829 1168 2908 primo
1193 2835 1249 2888 tes

1 2967 3 2979 .
98 2911 225 2972 nendum
245 2921 288 2974 est
307 2915 368 2973 eiua
387 2911 547 2982 eonsilium,
567 2927 633 2970 narn
654 2915 688 2968 ut
705 2910 924 2988 'comparatione
948 2906 1070 2966 illustret
1089 2905 1146 2966 Dei
1170 2927 1233 2989 pra·

1 3029 2 3058 r
97 2993 178 3066 tiam,
198 3000 326 3052 moereat
345 3011 432 3073 quam
452 2991 560 3050 duriter
578 2989 701 3073 afflictus
719 2988 811 3048 fuerit.
832 2985 865 3046 Si
881 3003 1017 3068 prospere
1035 2985 1149 3048 fortuna
1160 3005 1232 3048 sem·

97 3089 152 3151 per
171 3071 356 3150 aequabiliter
375 3091 444 3131 usus
463 3077 546 3141 esset,
565 3075 625 3129 erat
644 3087 696 3128 eur
715 3067 767 3128 sibi
791 3067 993 3146 gratularetur:
1019 3066 1069 3129 sat
1093 3085 1152 3125 non
1170 3085 1234 3126 sen-

98 3152 182 3210 sisset
201 3152 270 3230 quid
290 3154 326 3211 sit
345 3145 567 3210 iue'redibiliDei
586 3150 692 3210 virtute
710 3148 781 3227 eripi
800 3146 837 3205 ab
851 3147 978 3206 interitu.
1006 3143 1081 3205 Nam
1101 3145 1138 3204 ad
1156 3165 1234 3206 mor·

1 3297 2 3302 η
99 3236 158 3288 tem
188 3249 279 3308 usque
308 3231 479 3292 descendere
507 3247 624 3290 neeesse
652 3235 697 3288 est
725 3234 759 3290 nt
783 3224 865 3286 Deua
894 3231 1031 3306 appareat
1060 3224 1232 3306 redemptor.

1 3351 3 3384 ‚
99 3305 178 3384 Quia
197 3313 273 3368 enlm
292 3311 435 3384 nascimur
453 3311 514 3369 sine
534 3328 619 3368 sensu
638 3313 668 3367 et
686 3306 884 3444 intellipentim
909 3305 1001 3386 prima
1025 3306 1100 3364 vilae
1117 3311 1234 3366 nosbae

1 3431 2 3440 ,
100 3387 181 3464 origo
201 3407 259 3447 non
279 3391 347 3448 salla
366 3389 443 3449 olere
462 3395 607 3450 auotorem
620 3387 721 3468 ‚ipsum
739 3405 778 3446 no
798 3387 822 3444 ia
842 3385 1029 3452 demonstrat:
1055 3383 1106 3444 sed
1129 3383 1178 3443 nbi
1203 3385 1233 3444 in

1 3445 2 3520 Ὗ
99 3465 297 3546 desperatione
315 3471 455 3530 snoeurrit
474 3465 565 3543 Deus,
583 3467 753 3528 maumetis
772 3467 835 3545 ipsa
854 3463 1055 3525 nobisillustre
1065 3469 1110 3523 eat
1128 3463 1235 3547 gratiae

98 3546 160 3632 eius
179 3549 337 3628 speenlunr.
376 3547 441 3610 Hoo
464 3548 551 3610 modo
571 3547 630 3608 Dei
653 3545 822 3606 marlidam
847 3542 1002 3626 amplifioat
1020 3541 1130 3640 David,
1155 3542 1234 3624 quod

99 3623 244 3718 demersus
264 3631 292 3688 in
335 3627 483 3712 rotundam
503 3627 648 3706 abyssum,
667 3627 835 3686 eiustamen
853 3621 1070 3684 manneduolus
1088 3641 1119 3684 m
1139 3621 1234 3718 lupam
1316 3677 1322 3686 .

97 3705 253 3766 emerserit.
289 3649 333 3767 No
355 3729 390 3768 ue
409 3709 503 3768 solum
523 3706 580 3766 Dei
599 3703 737 3766 beneficio
757 3723 788 3764 ae
807 3703 979 3775 incolomem
999 3721 1061 3764 ease
1080 3701 1233 3784 praedrcat,

98 3781 150 3844 sed,
167 3783 310 3866 ‚dignitate
346 3789 420 3849 uisse
439 3795 568 3848 austum:
594 3804 668 3866 quaa
692 3783 812 3846 mutatio
831 3783 910 3844 velut
928 3783 1115 3844 restitutionis
1134 3801 1234 3855 eumu-

96 3863 143 3924 lua
163 3862 227 3938 luit,
246 3867 364 3947 perinde
383 3869 441 3930 aest
460 3887 497 3928 ex
515 3866 613 3927 inieris
631 3865 782 3926 incoatum
792 3881 884 3944 nsque
902 3867 1018 3922 eveotur
1036 3862 1119 3934 toret.
1144 3857 1234 3938 Quod

96 3944 182 4040 tertio
202 3949 313 4026 repetit,
333 3946 429 4008 Deum
448 3947 536 4044 inisse
555 3963 734 4042 conversum,
744 3943 791 4040 ‘ad
803 3937 1069 4038 providentiaeneius
1088 3957 1234 4038 sommen-

96 4019 1085 4226 alluta:runaalma:‚rallatttrstatasftlff·e
1108 4017 1233 4196 aa·

96 4187 228 4344 m·
247 4178 753 4329 sinnaritanus
765 4184 1234 4354 sesamam

98 4341 259 4404 celebratur
276 4345 338 4406 eius
357 4346 479 4408 bonitas.
518 4345 551 4406 ln
569 4341 734 4406 nominibus
753 4342 846 4403 Nabal
868 4351 896 4402 et
918 4341 1058 4402 ditiores
1076 4337 1178 4398 alludit
1196 4335 1231 4397 ad

95 4439 208 4484 mosem
231 4431 303 4486 tune
325 4433 485 4508 receptum,
509 4443 564 4490 neo
587 4426 665 4494 enirn
687 4420 806 4484 dubium
830 4427 875 4482 art
935 4419 970 4561 ipa
994 4435 1061 4502 pars
1080 4417 1129 4480 illa
1147 4415 1235 4478 tuerit
1309 4456 1314 4464 ·

116 4518 223 4564 eatstan
236 4520 259 4564 ia
272 4521 354 4566 Pesla.
367 4523 430 4565 ἳοι.
442 4523 462 4567 l.
1165 4527 1169 4536 “
