2818 4886
485 291 826 338 transnatarent.
889 339 891 348 ,
953 271 956 278 ’
1147 287 1200 348 157

45 407 162 482 abiecta
186 417 281 480 nostri
306 437 389 490 cura,
414 415 451 478 sd
470 425 581 480 nostrus
609 421 737 482 miserias
756 427 786 481 et
815 421 935 502 gemitus
960 412 1100 492 connivet,
1131 409 1199 478 ideo

46 505 78 562 in
112 499 280 582 quaerenda
309 497 525 560 confirmatione
557 501 669 565 enixius
703 499 798 562 David
833 501 942 560 insistit.
987 498 1093 594 Neque·
1121 497 1198 592 euim

46 577 1116 741 ctcttuurtmtnlm‘’ltrttlnmtrllt
1136 595 1198 718 s:

48 741 147 799 videm
167 745 229 800 tam
249 739 412 797 animosum
431 744 461 797 et
478 739 632 798 infractum
651 738 737 800 inisse
757 737 905 810 athletam,
924 743 958 797 ul
972 749 1032 797 nou
1047 736 1197 796 vacillare*

47 822 86 880 rit
107 821 171 879 eius
191 817 272 878 tides.
304 815 470 894 Quamlrhet
489 819 567 879 euim
587 819 663 878 serio
683 825 823 878 conentur
842 817 949 888 fideles,
969 817 1086 876 subacto
1105 817 1199 878 caruis

47 918 118 959 suae
139 915 243 971 sensu,
262 903 342 956 totus
364 915 394 956 se
413 895 479 956 Deo
499 896 643 971 addicere,
672 898 768 1036 alitpua
788 905 883 957 tumen
902 897 1067 956 infirmitate
1086 915 1200 976 semper

53 979 198 1038 laborant
240 975 316 1035 llinc
338 975 387 1036 illa
412 975 580 1036 claudicatio
606 979 695 1038 sancti
733 977 818 1050 acob,
838 977 919 1037 cuius
941 977 1049 1038 mentio
1069 974 1103 1034 lit
1121 973 1199 1054 apud

54 1057 172 1117 Mosen:
193 1054 268 1118 Gen.
282 1058 332 1130 32,
345 1059 394 1118 25.
420 1057 486 1136 quia
506 1057 573 1116 licet
592 1059 722 1138 superior
740 1057 825 1118 luerit
843 1058 872 1116 iu
881 1057 973 1134 tincta,
995 1056 1089 1115 vitiosi
1103 1061 1200 1116 tamen

52 1137 182 1196 deiectus
209 1143 309 1196 notam
332 1137 461 1214 gestavit.
502 1135 617 1196 Talibus
643 1137 781 1220 exemplis
806 1155 874 1196 suos
898 1136 934 1196 ad
959 1135 1204 1216 perseverantiam·

53 1219 159 1276 animat
178 1213 274 1290 Deus,
294 1233 331 1275 ne
350 1212 519 1276 infirmitatis
539 1215 591 1276 sibi
611 1218 726 1290 conscii,
745 1217 855 1276 ameum
874 1215 1076 1296 despondeant
1099 1211 1199 1292 Quare

53 1297 124 1357 haec
133 1295 220 1354 uobis
234 1296 309 1354 ratio
325 1295 445 1354 tenenda
460 1303 513 1364 est,
533 1296 645 1376 quoties
659 1297 851 1356 tumultuatur
864 1313 931 1356 earo
946 1301 1052 1367 nestra,
1072 1300 1101 1353 et
1116 1293 1199 1373 quasi

56 1376 187 1436 violentis
208 1373 342 1456 procellis
361 1375 397 1433 ud
417 1376 620 1456 impatientium
640 1395 694 1435 nos
713 1378 802 1458 rapit,
828 1381 979 1436 utcontra
1011 1375 1137 1433 nitemur
1161 1371 1199 1432 ad

58 1454 230 1516 cohibendos
255 1454 316 1512 eius
340 1453 472 1534 impetus.
512 1453 562 1514 Sic
587 1455 636 1515 liet
659 1463 693 1516 ut
716 1457 824 1516 duriter
848 1456 964 1538 quidem
982 1455 1133 1527 iactemur,
1159 1469 1199 1512 ex
1276 1454 1280 1463 '

59 1535 206 1614 naufragio
226 1541 324 1593 tamen
344 1552 456 1614 semper
474 1541 600 1614 emergat
613 1535 684 1595 lidcs
699 1541 806 1596 nostra.
827 1535 962 1596 Ceterum
978 1529 1120 1592 Davidem
1135 1549 1197 1591 nou

59 1615 161 1674 fnestra
182 1613 282 1686 verbu,
301 1612 404 1692 quihus
424 1613 537 1675 fulciret
555 1614 641 1674 fidem
661 1635 756 1686 suam,
781 1617 898 1676 iterasse
917 1633 954 1674 ex
973 1614 1035 1694 ipsa
1055 1612 1198 1692 querimo-

58 1696 121 1754 niae
146 1693 241 1753 iorma
266 1691 403 1752 elicirnus.
443 1691 545 1775 Neque
571 1695 647 1754 euim
671 1695 837 1776 simpliciter
861 1695 1026 1774 pronuntiat
1045 1711 1076 1749 se
1095 1709 1113 1750 a
1131 1690 1198 1750 Deo

57 1773 207 1846 relictum,
228 1773 279 1832 sed
304 1771 382 1832 addit
403 1783 551 1834 remotum
574 1795 634 1834 esse
652 1795 672 1834 u
690 1777 786 1834 salute
804 1795 877 1834 sue:
902 1771 980 1852 qued
999 1771 1106 1832 scilicet
1126 1771 1199 1850 peri·

57 1853 152 1912 clitari
187 1871 253 1914 eum
279 1851 392 1924 videns,
422 1853 533 1912 nullum
558 1851 649 1928 bonae
675 1853 736 1934 spei
756 1853 868 1934 signum
888 1852 975 1912 daret.
1014 1841 1199 1929 Numquam

57 1951 151 2012 penes
172 1929 265 1992 Deum
285 1933 323 1990 sit
343 1933 459 1992 iurandi
478 1931 612 2005 facultas,
630 1931 680 1992 uhi
700 1933 820 1992 salntem
847 1938 973 1991 nostram
992 1930 1118 2006 hostium
1137 1928 1200 1988 libi·

59 2013 121 2070 dini
142 2013 300 2092 expositam
319 2009 428 2084 uidens,
448 2013 569 2092 quiescit
587 2018 683 2072 temen
701 2012 820 2093 perinde
838 2012 896 2070 acsi
916 2029 976 2072 non
994 2017 1114 2082 curaret,
1134 2008 1201 2088 quis

58 2109 120 2152 nou
146 2091 360 2186 dicatnmpnum
384 2109 465 2150 suam
489 2089 633 2152 retrahere
658 2111 695 2151 ne
719 2111 774 2152 nos
798 2091 917 2152 liberet?
948 2089 1015 2185 *lam
1041 2107 1092 2170 per
1111 2089 1200 2148 umbo

58 2179 185 2309 titt:
206 2167 1200 2332 tttlttttttiltllltlttttttrtlttttttttlmitt

58 2351 111 2388 ros
136 2328 264 2388 ulrrlatus
283 2328 392 2388 ederet:
417 2330 560 2409 ingentem
585 2349 653 2411 ergo
674 2333 841 2392 maestitiam
861 2331 1098 2410 intemperiei,
1122 2345 1198 2409 quae

59 2409 172 2468 homiui
193 2415 340 2466 mansueto
361 2415 390 2467 et
410 2408 446 2468 ad
465 2407 625 2470 subeundas
640 2430 789 2472 ammonas
804 2411 926 2470 iulracto
943 2411 1052 2490 rugitus
1068 2409 1198 2468 extersit.

58 2489 119 2547 lam
140 2507 234 2568 quum
254 2485 385 2546 Christus
403 2489 433 2546 in
445 2507 537 2548 cruce
555 2487 698 2569 pendeus,
718 2492 791 2550 iuter
811 2489 926 2551 ultimos
945 2491 1059 2570 spiritus
1078 2485 1199 2548 eandem

59 2587 165 2627 vocem
185 2565 312 2639 ediderit,
331 2563 458 2640 Mutat,
479 2569 525 2631 46.
544 2569 698 2630 videndum
718 2577 762 2630 est
781 2572 832 2650 qui
851 2571 1001 2631 conveniat
1020 2569 1198 2648 unigenitum

59 2647 118 2706 Dei
138 2645 244 2706 Filium
268 2651 347 2706 tante
367 2646 473 2706 doloris
491 2656 574 2708 motu
593 2649 755 2730 perculsum
772 2650 870 2722 luisse,
889 2655 921 2708 ut
940 2667 972 2708 ae
990 2666 1008 2708 a
1027 2645 1093 2708 Deo
1112 2645 1199 2706 Patre

59 2728 193 2788 relictum
213 2725 356 2786 clamaret.
395 2725 498 2808 Coegit
516 2728 587 2788 huso
605 2728 762 2788 absurditas
781 2729 888 2790 multos
907 2729 1075 2808 interpretes
1094 2727 1131 2785 ad
1150 2744 1198 2786 ea·

58 2805 204 2902 piandum
227 2805 372 2901 effugium:
411 2805 667 2902 ltaqueudixerunt
686 2807 833 2868 Christum
852 2828 897 2906 en⁸
913 2809 993 2902 vulgi
1016 2807 1106 2886 magis
1136 2805 1198 2900 opi-

59 2891 554 3026 tltfflltttttztt?
568 2893 764 3026 &hihi-ii
780 2886 1198 3037 {inffii‘fiilinli

61 3053 141 3105 stum
166 3045 372 3116 electoribus,
395 3045 473 3126 quod
497 3043 694 3125 peecatoribus
712 3045 814 3108 incutit
832 3044 889 3106 Der
907 3043 1057 3116 iudicium,
1074 3061 1199 3184 prorsus

61 3127 222 3186 immunem
246 3124 334 3184 luisse
357 3123 476 3204 lingunt.
516 3123 610 3186 luauis
634 3143 706 3186 varo
731 3125 989 3200 eucnemon,
1014 3143 1072 3204 quo
1113 3123 1197 3184 veriti

63 3213 132 3264 suut
159 3204 306 3264 Christum
335 3209 415 3263 tauto
440 3204 533 3264 dolori
557 3203 707 3282 subiicere,
733 3225 772 3266 ne
795 3207 856 3266 eins
881 3205 1001 3286 gloriam
1025 3203 1195 3266 minuerent.

63 3283 142 3344 Nam
167 3303 257 3365 quum
276 3285 353 3344 clare
371 3284 601 3346 testeturPetrns
619 3283 717 3346 Actor.
731 3291 761 3360 2,
775 3287 823 3348 al.
842 3283 1015 3367 impossibile
1029 3283 1116 3344 tuisse
1130 3301 1199 3344 eum

67 3367 233 3426 retinmea
257 3361 403 3424 doloribus
427 3367 541 3440 mortis,
567 3367 696 3445 sequitur
715 3385 774 3426 nou
792 3365 880 3428 luisse
898 3368 1055 3426 immunem
1075 3363 1111 3424 ah
1131 3363 1197 3438 illis,

64 3451 95 3504 et
114 3445 228 3524 penitus
241 3441 371 3504 liberum.
389 3441 427 3504 Et
444 3451 519 3505 carle
531 3451 662 3526 suscepta
675 3451 772 3506 nostra
785 3465 917 3526 persona,
935 3451 1092 3524 nostroque
1105 3451 1198 3518 reatu,
1231 3456 1235 3472 ’

64 3543 186 3586 necmso
208 3523 307 3584 habuit
330 3525 367 3584 ad
392 3519 448 3583 Dei
471 3524 595 3585 tribuual
619 3543 652 3586 se
674 3528 765 3586 instar
788 3525 945 3606 peccatoris
969 3525 1076 3586 sistam.
1121 3523 1198 3584 Hinc

64 3603 170 3665 horror
192 3603 242 3664 ille
265 3608 296 3662 ct
318 3621 411 3684 pavor
429 3605 479 3683 qui
498 3604 535 3664 ad
554 3605 759 3685 deprecandam
778 3613 900 3666 mortem
919 3621 986 3664 eum
1005 3603 1111 3684 coegit:
1136 3625 1216 3670 non*

86 3685 133 3743 uia
151 3691 214 3745 tam
232 3683 365 3742 acerbum
384 3683 426 3742 illi
444 3683 517 3744 foret
532 3702 549 3743 e
564 3689 624 3744 rita
638 3686 774 3765 migrare,
797 3685 848 3744 sed
882 3685 929 3746 uia
942 3689 1007 3744 aute
1022 3684 1121 3764 odulos
1136 3691 1198 3746 erat
1256 3705 1261 3714 ’

65 3705 124 3823 hei
143 3761 302 3824 maledictio
317 3781 395 3843 'quac
413 3762 610 3844 peccatoribus
628 3763 774 3824 incumbit.
800 3705 888 3842 Quoh
907 3765 931 3824 si
950 3765 1043 3844 primo
1062 3765 1198 3826 conflictu

65 3844 176 3904 elicitae
200 3843 317 3902 inerant
335 3843 477 3924 sauguinis
496 3849 606 3924 guttae,
631 3850 665 3904 ut
683 3863 756 3926 opus
775 3843 861 3904 inerit
879 3844 1057 3904 consolatore
1075 3843 1197 3924 aingem,

65 3921 136 3984 Luc
156 3927 212 3996 m,
232 3923 280 3986 43.
304 3943 363 3982 non
387 3923 491 3983 mirum
516 3931 561 3984 est
584 3925 658 3984 siin
676 3925 777 3984 ultimo
797 3943 888 4003 agone
907 3924 1053 3984 consessus
1072 3931 1117 3984 cst
1136 3932 1197 3984 tau-

64 4010 127 4064 tum
145 4069 148 4074 ,
163 4003 303 4064 dolorem.
342 4001 450 4064 interca
470 4003 626 4064 notandum
645 4009 698 4077 est,
728 4005 769 4064 sie
787 4003 927 4064 humanos
946 4003 1063 4075 allectus
1082 4021 1198 4084 passum

65 4103 129 4144 esse
154 4083 318 4155 Christum,
346 4091 379 4142 ut
403 4086 495 4143 curnis
519 4083 681 4146 infirmitate
704 4083 801 4166 lapsus
825 4103 884 4144 uon
907 4084 957 4144 sit:
986 4085 1054 4164 quia
1077 4088 1198 4145 naturus

64 4164 215 4243 integritas
235 4183 339 4243 purum
359 4163 395 4222 ab
415 4165 493 4223 omni
512 4183 631 4223 asceam
650 4181 718 4224 cum
758 4163 905 4224 raeslabat.
922 4162 1105 4226 'Tentatioues
1118 4181 1198 4243 erge,
1296 4211 1300 4214 -

64 4243 172 4381 &nim
191 4261 259 4303 eum
278 4259 425 4323 aggressus
444 4253 488 4304 est
506 4243 610 4318 Satan,
629 4245 692 4304 sine
712 4185 770 4306 ulio
790 4243 908 4306 vulnere
968 4242 1112 4303 odsotam
1122 4243 1199 4302 olau-
1236 4303 1239 4330 Ι

85 4323 217 4384 'eudonis
235 4321 414 4402 relinqueret,
429 4324 547 4386 uincere
565 4325 667 4404 potuit.
706 4323 823 4385 Minimo
842 4343 924 4385 verm
968 4321 1047 4382 bium
1066 4329 1111 4382 est
1129 4323 1199 4402 quin

63 4401 115 4464 illo
139 4403 269 4465 ulamma
292 4402 388 4484 palam
412 4405 567 4466 ostenderit
589 4401 737 4482 Christus,
761 4405 894 4486 quamvis
916 4401 964 4465 hio
987 4419 1053 4464 suas
1072 4405 1200 4466 miserias
