2726 4888
75 356 81 374 ἱ
412 262 478 348 ἰιι
511 292 785 346 resurrexim
958 321 961 328 .
1125 303 1180 362 527

98 432 158 498 ss.
181 431 324 492 nesam
347 438 381 492 ι.
389 389 633 527 smeerebbe
673 425 835 488 cosmon
858 426 946 489 enm
969 433 1081 490 verus
1098 395 1175 504 uer,
1237 431 1243 438 ·

4 509 181 593 Ingrediar
205 513 236 572 in
270 509 464 584 tortitudines,
492 517 581 592 etque
608 508 681 570 bace
708 508 903 590 interpretatio
928 527 988 569 nun
1012 499 1175 572 minuerat

4 589 197 672 probabilis.
237 587 329 650 Sicuti
347 591 424 650 enim
443 591 473 652 in
493 587 627 672 perieulis
646 589 756 649 animus
766 593 881 650 nosnos
892 593 1012 684 eeeupet
1022 589 1175 668 trepidatio
1230 603 1233 609 '
1358 649 1359 656 χ

4 680 40 730 nt
64 673 220 744 anxietas,
241 670 308 750 quia
328 669 364 729 ad
389 669 576 752 reputandum
595 665 652 728 Dei
675 669 810 730 virtutem
836 685 896 730 nun
921 673 988 728 estre
1013 673 1175 728 sumns‘st·
1245 723 1252 736 ,

4 753 109 810 tenti:
134 751 179 810 ite
199 751 316 810 unicum
335 749 473 811 levandae
492 751 522 810 in
541 745 625 810 melis
633 747 770 808 anxietati
779 746 936 808 remedium
954 751 1007 822 est,
1026 755 1175 842 penetrare

4 833 44 890 tn
67 828 135 890 Dei
156 828 404 906 tortitudinesut
422 849 475 890 nus
495 827 623 910 undique
641 829 780 888 muniant.
814 825 875 888 Sed
893 825 961 908 quia
980 834 1088 908 optume
1107 846 1174 894 een·

4 911 104 970 venit
131 909 226 1005 ultera
249 908 334 970 leetiu
357 928 432 1005 quse
456 911 547 1004 mepte
571 914 686 990 recepta
710 914 780 1002 est,
794 905 940 972 discedere
964 905 1000 968 eb
1024 926 1059 968 ea
1076 907 1174 1003 notui,

4 1009 101 1128 33²³
132 1009 198 1128 it:
217 993 697 1150 ttutttttttetittttt
711 985 1175 1152 ,dimititte

6 1149 89 1208 lnee
112 1168 165 1208 ero
185 1149 262 1210 enim
280 1147 448 1210 tantundem
467 1149 545 1210 valet
564 1166 722 1210 remanere
740 1145 863 1208 intirmu
881 1153 1065 1242 superpetuu
1085 1153 1172 1208 stetu.

7 1227 88 1288 Etsi
108 1227 192 1290 enim
211 1247 270 1290 non
290 1229 351 1288 siue
370 1229 500 1306 molestia
519 1228 650 1290 nituntur
669 1225 778 1302 fideles,
796 1225 1030 1308 nebusolaenter
1042 1226 1173 1302 volitent,

9 1309 96 1388 quin
117 1309 219 1389 potius
238 1327 308 1388 pree
327 1307 493 1370 lassitudine
513 1313 647 1389 gemunt:
672 1308 739 1388 quis
763 1312 860 1368 tamen
883 1305 1030 1368 momente
1048 1313 1080 1368 et
1098 1305 1172 1376 ditti·

11 1389 150 1450 euitatus
172 1387 278 1448 invicte
297 1388 385 1448 enimi
394 1389 588 1469 magnitudine
597 1391 742 1468 ruperant,
761 1384 1058 1467 sequoretruoedunt,
1077 1406 1173 1468 neque

12 1468 179 1533 declinent
201 1486 219 1528 e
241 1474 320 1528 reeta
343 1469 405 1544 rie,
428 1469 531 1530 animm
555 1467 752 1547 desperatione
775 1486 834 1528 nun
858 1465 1026 1540 nunctiant,
1044 1467 1110 1528 ideu
1130 1467 1173 1528 di-

13 1554 135 1688 titt
154 1543 944 1700 pffpmsffimfflffiffl
960 1545 1175 1708 ibiibi}

17 1707 111 1788 gerit.
152 1647 242 1784 (Quiri1
250 1701 347 1778 entem
365 1707 436 1768 nibil
455 1709 485 1772 in
504 1705 560 1768 beo
578 1713 657 1766 tauta
675 1705 840 1768 infirmitate
854 1705 997 1768 difficilius
1014 1706 1061 1768 vet
1079 1707 1171 1776 rarius
1227 1750 1232 1762 ,

19 1793 83 1857 est,
104 1805 193 1868 qnam
213 1805 404 1867 perseverare,
423 1807 522 1849 seusus
546 1804 646 1848 omnes
670 1805 738 1846 euos
762 1785 872 1867 nuttigit
888 1785 925 1846 ad
945 1804 1032 1846 unam
1051 1783 1109 1846 Dei
1127 1787 1170 1846 iu·

20 1867 147 1926 stitiem.
187 1864 277 1944 Quod
300 1868 375 1928 enim
395 1887 427 1935 se
445 1873 556 1929 tentum
579 1854 655 1928 iiiios
674 1885 831 1928 memorem
849 1865 912 1926 ture
931 1865 1010 1939 dieit,
1028 1863 1086 1926 bue
1104 1884 1118 1926 ι

23 1954 99 2019 etat,
122 1965 155 2006 ee
177 1946 282 2022 relictis
306 1946 439 2008 omnibns
463 1947 559 2028 pravis
582 1945 708 2021 fidoeiis,
732 1945 835 2026 quibus
859 1949 938 2011 tutes
962 1945 1022 2006 tere
1044 1961 1114 2014 mun
1136 1965 1169 2006 us
1278 2006 1280 2016 ,
1358 1951 1359 1960 ’

24 2026 248 2107 circumagitur-‚x
265 2027 296 2086 in
315 2025 372 2088 Dei
397 2028 575 2108 protentione
597 2025 660 2086 tore
684 2045 801 2106 prorsus
826 2023 968 2101 defixum,
991 2045 1029 2084 ne
1048 2032 1169 2106 rugetur

28 2112 190 2186 posteras
212 2107 252 2166 im
289 2107 441 2180 tortiones,
465 2105 513 2166 ret
536 2105 594 2166 bne
617 2111 647 2166 et
670 2105 738 2166 ittue
762 2103 950 2166 ebebahutm.
989 2105 1168 2186 Augustinus

27 2186 97 2266 ptus
121 2186 227 2246 centies
253 2124 290 2244 id
314 2186 467 2256 evertendo
492 2205 611 2267 eperum
636 2187 737 2246 merita
760 2183 817 2246 bue
836 2184 999 2246 testimonio
1020 2187 1119 2259 utitur,
1138 2192 1169 2246 et

28 2264 216 2346 plausibiliter
234 2266 370 2326 iustitiam
390 2284 463 2346 quae
473 2266 560 2346 gratis
579 2263 671 2326 abeo
690 2264 821 2328 donetur.
839 2265 1000 2326 meritoriae
1019 2263 1169 2328 bominum

29 2345 154 2404 institiae
174 2365 211 2426 op
233 2346 309 2420 uuit,
333 2345 480 2406 fotendum
504 2352 599 2404 temen
617 2351 678 2418 est,
702 2345 731 2406 in
755 2345 1021 2406 alienum.eeusum
1040 2345 1170 2424 torqueri

31 2423 119 2484 rerba
130 2365 258 2498 Doridis,
278 2426 331 2504 qui
349 2425 513 2505 simpliciter
531 2424 662 2504 intelligit
681 2443 775 2505 neque
789 2423 907 2486 consitio
927 2425 1055 2506 propriu,
1074 2444 1169 2504 neque

31 2504 193 2576 industriae,
212 2523 308 2584 neque
329 2507 426 2566 virtuti
445 2504 538 2578 inuiti,
557 2523 650 2584 nequo
669 2504 734 2564 ultis
753 2503 866 2586 opibus,
884 2507 919 2564 ut
932 2523 1031 2565 senum
1050 2503 1104 2565 sibi
1122 2523 1168 2565 sa-

34 2583 121 2648 lutem
161 2583 302 2644 remittats
321 2585 371 2646 sed
390 2585 447 2645 boe
465 2603 556 2646 onum
575 2585 628 2644 sibi
646 2603 709 2644 esee
728 2585 918 2665 propositum,
938 2586 1105 2664 quiaiuotus
1124 2590 1169 2646 eut

35 2662 124 2736 Deos,
141 2605 203 2724 beri
221 2683 281 2725 nun
301 2683 385 2745 posse
405 2671 437 2724 ut
454 2663 492 2724 ab
511 2683 550 2724 eo
567 2663 719 2724 deseretur.
757 2663 869 2726 lustitia
887 2664 962 2724 enim
977 2661 1043 2738 Dei,
1063 2672 1096 2726 ut
1114 2684 1167 2726 nu·
1230 2729 1237 2744 ,

35 2763 87 2824 per
105 2745 257 2882 ettipmue
276 2763 336 2806 nun
355 2745 511 2826 gratuitum
530 2743 601 2804 illud
620 2743 728 2806 donum
820 2741 874 2804 sibi
892 2743 1056 2805 rennueibat
1075 2745 1166 2806 humi·

34 2843 101 2896 nes,
125 2843 158 2882 ve
242 2831 339 2884 rueret
362 2827 392 2884 in
416 2825 492 2884 vitre
515 2823 686 2905 nuritstem,
779 2822 867 2890 fidem
885 2822 916 2884 in
935 2825 1081 2884 uerrendis
1100 2844 1166 2904 pru·

36 2903 126 2964 missis
144 2903 214 2984 signi
236 2911 290 2976 ιιι,
311 2923 368 2984 qua
388 2923 419 2964 se
439 2923 572 2984 aequum,
591 2909 751 3000 ereptum,
768 2909 799 2964 et
817 2921 948 3000 resecem
962 2903 1084 3001 probare
1102 2904 1168 2966 vutt

36 2981 645 3124 tibitibi?ussitidem
661 2981 933 3143 tittst‘ttt
946 2984 1167 3126 &sitisti

36 3149 159 3218 umbus,
182 3143 268 3202 mirus
293 3085 378 3206 babet
402 3143 549 3206 itteeebras
568 3141 658 3204 Setun
682 3143 787 3224 quibus
809 3163 864 3204 noa
888 3145 918 3202 in
943 3146 1097 3204 vanitatem
1117 3143 1171 3210 ab·,

38 3222 129 3282 duent.
166 3219 259 3282 Simul
283 3225 360 3284 enim
384 3243 419 3284 ae
442 3225 539 3284 verine
564 3242 631 3304 spes
650 3221 835 3304 obrepserint,
858 3223 930 3284 nibil
948 3225 1103 3306 proclivius
1122 3231 1168 3284 est

37 3319 123 3382 qnam
146 3302 285 3362 diffluere:
308 3311 339 3364 et
363 3304 492 3386 quisquis
513 3301 567 3364 Dei
587 3304 677 3384 grstia
700 3323 760 3364 non
778 3309 938 3378 contentus,
957 3305 1004 3364 vet
1023 3304 1167 3366 tantillum

37 3381 149 3442 subsidii
167 3381 279 3444 aliunde
298 3391 433 3457 recesset,
452 3383 655 3446 documentum
673 3403 727 3442 suu
746 3383 774 3442 le
796 3403 830 3443 su
849 3381 910 3443 aliis
924 3383 1069 3464 praebebit
1078 3405 1167 3466 quam

38 3462 168 3522 evanidas
195 3463 252 3522 siut
282 3483 381 3524 omnes
410 3462 508 3524 mundi
532 3463 655 3522 tulturee
679 3481 754 3542 qnae
814 3464 841 3524 ei
869 3465 977 3524 enritiu
1001 3466 1164 3528 miscentur.

40 3539 164 3618 Quodsi
183 3542 212 3601 in
231 3549 351 3604 externo
371 3545 446 3604 ritae
463 3549 539 3602 stetu
559 3544 678 3623 gradum
697 3543 779 3602 utitur
797 3551 896 3604 meere
914 3562 974 3604 nou
993 3547 1087 3642 potuit
1105 3543 1164 3606 Da·

39 3622 96 3693 rid,
114 3640 193 3702 quem
213 3641 254 3694 se,
274 3622 408 3683 abdicetis
427 3623 559 3682 omnibus
582 3623 644 3683 otiis
668 3622 792 3698 fiduciis,
815 3623 969 3684 reiieiendu
992 3645 1022 3685 ιιι
1047 3625 1102 3686 uu
1122 3627 1165 3686 iu·

39 3703 151 3761 stitinms
169 3701 218 3762 nbi
238 3702 274 3762 de
293 3701 430 3784 spirituali
449 3710 621 3782 aeternaque
641 3705 699 3762 rita
719 3704 821 3782 egitur,
841 3705 868 3764 si
886 3703 934 3764 vet
947 3706 1097 3766 minimum
1117 3707 1164 3766 de·
1257 3707 1260 3715 ’

39 3782 108 3862 tupsi
125 3781 258 3842 fuerimus
278 3801 296 3842 e
315 3785 405 3864 gretia
419 3780 483 3856 Dei,
505 3782 595 3862 qualis
614 3781 711 3842 tumre
730 3791 774 3843 est
793 3790 890 3844 noema
904 3782 1041 3846 tirmitaet
1060 3783 1103 3846 Ne
1123 3788 1166 3848 ort

39 3863 120 3940 igitur
138 3881 193 3922 nun
212 3868 316 3942 potest,
336 3865 404 3942 quin
425 3865 539 3942 pertitio
557 3880 644 3942 quam
663 3865 737 3924 inter
754 3861 875 3924 liberum
900 3864 1048 3926 arbitrium
1067 3871 1097 3932 et
1138 3867 1164 3928 ei

41 3943 152 4020 gretiam
169 3943 422 4004 rumminbeuntnr
441 3940 582 4024 Papistoe,
606 3943 723 4004 misem
748 3945 857 4004 ammes
875 3945 905 4005 iu
924 3946 1036 4006 rninnm
1055 3948 1162 4026 praeei-

40 4022 108 4102 prm
125 4028 195 4103 sut

122 4203 170 4273 17.
192 4203 282 4272 Deus
310 4204 443 4274 docuisti
469 4227 521 4273 me
548 4229 566 4272 a
589 4207 719 4300 pueritie
746 4229 834 4290 mes,
860 4215 893 4274 et
919 4203 1085 4300 hucusque
1113 4230 1164 4275 uu·

42 4309 180 4404 nuutiubu
201 4310 350 4379 mirabitis
373 4322 437 4380 tue.
483 4313 534 4382 18.
557 4311 600 4380 Et
620 4313 715 4382 ctiam
737 4336 839 4404 usque
862 4311 902 4380 ud
912 4323 1109 4383 senectutem
1130 4324 1164 4384 et
1194 4388 1197 4396 ¹
1228 4317 1233 4325 ¹

44 4418 182 4504 canitiem,
203 4417 303 4503 Deus,
324 4441 365 4488 ne
387 4419 513 4488 deseras
533 4443 597 4503 me,
619 4421 723 4488 donee
743 4419 930 4487 annuntiem
951 4419 1049 4491 robur
1068 4431 1163 4490 tuum
