2804 4890
189 261 243 320 232
572 235 576 246 “
623 257 644 300 ι.
673 253 917 300 cassinus

189 383 323 460 muudus,
341 401 376 444 ac
393 381 519 444 nume
536 386 684 478 paternam
703 381 765 442 dus
784 397 853 476 erpa
861 327 985 440 Sarictos
1003 397 1103 449 euram
1121 379 1251 459 ignorata
1270 398 1330 440 oen

192 471 255 526 tum
274 469 370 524 tamen
390 468 443 538 est,
463 461 591 557 quotidie
610 461 650 520 sic
669 459 710 522 lul
731 478 779 520 ere
798 479 860 520 erus
880 457 1059 534 documenta,
1079 465 1114 520 ut
1132 478 1190 526 ne,
1245 459 1331 520 robes
1382 506 1383 536 q

191 543 307 626 quidem
332 543 433 614 lateat,
457 541 512 600 nisi
556 546 676 601 uatenus
699 483 824 600 uiolatam
849 537 902 600 sibi
922 537 1016 598 lucem
1035 478 1245 598 suffooeuenl
1293 558 1331 598 ue

141 687 152 713 Ι
188 629 266 762 pero
278 623 448 761 proquqqiat
461 563 566 714 Darii,
585 619 685 762 inqqu
700 637 799 760 coraqa
810 617 890 762 ἓξὲξ
903 616 1053 760 bpomipeqm
1066 637 1207 760 exererent:¹
1222 613 1332 677 bonita-

203 723 226 762 ιε
251 719 319 761 suae
355 721 384 759 cs
408 719 502 760 monia
525 719 594 780 erga
684 719 730 776 ee,
753 720 774 760 u
951 718 985 758 ns
1033 719 1127 774 ,nou
1206 716 1258 758 ere
1279 715 1334 758 uec

191 782 296 844 frustm
316 799 384 842 enm
403 781 468 840 coli.

271 863 319 922 20.
340 861 506 920 discendes
530 882 579 920 eoa
601 867 635 920 tn
658 859 837 920 obsomadtlo.
878 855 1008 918 Gratiam
1032 853 1090 918 Dei
1114 855 1172 917 bac
1197 857 1231 916 in
1256 863 1335 938 parte
1383 892 1384 942 q

193 940 353 1022 specialiter
376 939 570 1012 commendat,
596 939 675 1018 quod
698 937 795 998 lideles
820 936 856 998 ab
881 937 1014 998 omnibus
1039 938 1124 996 noxie
1149 936 1279 996 defendit
1300 955 1335 996 ec
1383 959 1384 964 ¹

192 1027 298 1080 tuetur.
338 1017 412 1078 Nam
437 1039 528 1099 quum
551 1019 663 1079 assidue
681 1026 712 1079 et
730 1017 886 1078 innumeris
905 1017 998 1078 modis
1018 1037 1120 1078 eornm
1139 1015 1267 1076 salutem
1286 1036 1334 1096 op·

191 1105 299 1182 pugnet
318 1095 421 1172 saraa,
447 1099 544 1179 eisque
566 1101 658 1159 maior
682 1117 748 1182 pars
767 1097 1060 1172 munatianensis,
1080 1096 1180 1158 multis
1200 1096 1335 1155 discdmi·

191 1180 276 1241 nibue
303 1177 443 1240 obnoxios
467 1197 529 1238 csse
552 1197 685 1240 neccesse
709 1185 761 1238 eet.
801 1177 901 1257 Itaque
924 1178 979 1236 nisi
1002 1196 1053 1236 eos
1073 1195 1126 1236 sua
1145 1195 1239 1239 mann
1258 1174 1334 1234 Deus

192 1265 362 1340 protegeret,
382 1275 416 1316 ac
436 1255 554 1318 subinde
573 1258 610 1318 ed
629 1277 714 1340 opem
733 1257 879 1318 serendam
898 1262 1068 1330 occurreret,
1087 1257 1252 1316 miserrima
1264 1261 1336 1314 esset

194 1359 296 1398 corum
322 1337 456 1398 conditio.
495 1338 607 1398 Allndit
632 1345 728 1398 autem
752 1335 790 1396 ad
809 1337 887 1396 illam
906 1335 1123 1396 absconsionem
1141 1337 1228 1396 cuiue
1247 1353 1337 1414 nuper

156 1461 162 1476 .
194 1417 333 1491 meminit,
352 1435 517 1497 quanquam
536 1419 630 1498 primo
649 1419 754 1478 intuitu
774 1415 873 1476 durior
893 1435 956 1478 esse
974 1416 1087 1476 videtur
1105 1417 1137 1474 in
1152 1414 1333 1494 metaphora:

192 1498 338 1636 bittit?
355 1497 631 1636 3ῗὲἆέἕῖήωῖἶέ
650 1493 1334 1638 lttt‘wdlte‘alludentia?

193 1656 305 1716 dentiae
324 1655 381 1716 Dei
401 1597 507 1732 vinni,
526 1622 605 1750 quod
624 1597 685 1716 slata
705 1656 741 1716 ad
759 1597 846 1716 gcinna
865 1597 1117 1736 malorumglgeans
1137 1593 1328 1735 repentinum

193 1734 325 1810 sufficiat,
345 1753 379 1794 ac
398 1735 483 1796 radiis
504 1755 562 1794 sure
582 1739 753 1816 perstringat
771 1734 966 1816 improborum
987 1735 1116 1794 omnium
1136 1735 1253 1808 oeulos,
1270 1751 1326 1792 ma·
1385 1753 1386 1760 ¹

192 1833 306 1896 nusque
329 1821 455 1874 enervet.
495 1811 676 1893 Quibusdam
700 1810 826 1876 alludere
850 1815 963 1876 videtur
982 1811 1040 1874 llro
1061 1813 1128 1874 beta
1152 1813 1191 1872 ad
1214 1813 1327 1872 Sanetu-

193 1897 298 1956 arium:
319 1894 397 1975 quod
417 1895 471 1954 etsi
490 1915 548 1954 non
569 1897 674 1970 reiicio‚
694 1895 840 1956 nonsatis
860 1902 956 1955 tamen
975 1836 1098 1954 soliliiam
1118 1892 1253 1954 arbitror.
1280 1891 1329 1950 Di·

83 2016 86 2026 Δ
193 1977 232 2036 cit
256 1981 352 2036 autem
376 1974 516 2034 abscondi·
536 1973 634 2035 fideles
658 1994 676 2034 a
695 1974 834 2056 superbiis
855 1977 908 2034 viri
927 1980 956 2034 et
974 1975 1044 2034 rixis
1063 1973 1246 2053 linguarum,
1271 1973 1333 2051 quie

193 2055 248 2114 nisi
268 2053 532 2149 compescebDeus
551 2053 705 2134 reprobos,
732 2055 837 2114 scimus
863 2073 949 2134 quam
975 2054 1083 2148 furioso
1103 2055 1216 2150 impetu
1236 2059 1333 2148 eontra
1386 2050 1387 2094 l

192 2131 616 2286 ltl'attettlttlitz‘,
635 2135 903 2294 ‘caltidi'
921 2133 1335 2285 titillamenta

64 2329 70 2336 ·
193 2290 273 2352 Deus
289 2311 327 2350 ex
343 2289 453 2371 fulgore
464 2293 613 2372 adspectus
624 2295 668 2351 sui
683 2293 813 2354 umbram
829 2295 959 2374 opponit.
984 2291 1043 2354 Alii
1057 2295 1199 2362 ΕὊΒῚἾ
1223 2297 1335 2352 vertunt

195 2369 438 2451 conspirationes,
458 2371 505 2430 alii
525 2373 692 2452 pravitatem
712 2374 762 2432 sed
781 2372 861 2433 nulla
880 2375 1000 2447 ratione,
1019 2393 1073 2434 nec
1092 2393 1163 2434 vero
1183 2372 1336 2453 respondet

194 2450 384 2530 etymologia:
404 2452 550 2530 quianon
570 2450 606 2511 ab
626 2451 765 2512 elevando
786 2453 940 2512 deductum
959 2461 1012 2514 eet.
1043 2451 1209 2534 Superbiae
1224 2452 1336 2512 additur

194 2529 350 2590 Gonlsentio
370 2529 545 2609 linguarum:
573 2533 639 2612 quia
662 2533 716 2611 etsi
735 2530 792 2591 Dei
812 2531 877 2592 liliis
897 2533 1049 2593 metuenda
1069 2535 1105 2592 sit
1125 2531 1256 2592 bostium
1275 2551 1336 2591 cru·

107 2633 111 2650 ¹
195 2609 310 2682 delites,
336 2617 451 2689 superat
470 2617 565 2671 tamen
586 2611 727 2670 virulenta
746 2631 846 2672 eorum
866 2611 1075 2674 maledicentia:
1100 2611 1181 2692 quod
1207 2612 1277 2693 plus
1294 2629 1337 2670 aa·

193 2689 230 2748 tis
260 2695 396 2768 expertus
420 2697 463 2750 eet
488 2689 592 2753 David.
637 2689 738 2770 Quum
762 2699 858 2752 autern
882 2691 965 2752 nobis
990 2695 1092 2752 merito
1116 2695 1212 2752 carior
1236 2689 1337 2751 debeat

194 2787 255 2828 esse
280 2770 425 2849 integritas
451 2790 538 2849 quam
563 2771 622 2830 vita
646 2778 757 2846 nostra,
783 2773 923 2832 discamus
948 2774 991 2832 sic
1015 2773 1150 2832 iustitiam
1170 2771 1282 2844 colare,
1307 2777 1338 2830 ut

193 2847 258 2907 l'reti
279 2845 335 2908 Dei
356 2852 529 2928 patrocinio,
554 2849 639 2910 salsas
664 2869 763 2911 omnes
783 2851 937 2910 calumnias
957 2871 1138 2932 spernamus:
1165 2869 1337 2932 semperque

192 2927 275 2987 nobis
295 2929 324 2987 in
345 2935 470 2988 mentem
490 2931 595 3005 veniat,
615 2929 671 2990 boe
689 2933 839 3014 proprium
858 2951 921 2992 ease
939 2925 997 2992 Del
1016 2951 1129 3006 munus,
1150 2951 1220 2994 suos
1240 2931 1277 2992 ab
1297 2934 1338 2990 iu·

128 3035 132 3043 ·
193 3007 274 3068 iustis
295 3007 406 3087 probris
427 3029 560 3070 asserere.
1180 3079 1184 3086 r

273 3092 321 3168 21.
344 3091 520 3149 Benedictio
540 3093 658 3150 [elaeon.
680 3087 833 3150 Generales
853 3111 925 3172 quas
945 3092 1220 3172 posuitseoteatios‚
1242 3092 1336 3172 priva·

193 3165 245 3226 lim
271 3167 306 3226 ad
327 3187 357 3226 se
378 3169 586 3242 accommodat,
607 3188 641 3228 ac
660 3169 818 3250 praedicat,
837 3172 866 3230 in
886 3172 1051 3230 liberatione
1072 3173 1147 3232 vitae
1167 3189 1240 3230 suae
1260 3172 1335 3230 miri-

194 3245 277 3305 ficam
302 3246 389 3304 luisse
414 3245 469 3305 Dei
500 3248 664 3308 bonitatem.
710 3247 787 3327 Quin
818 3269 886 3310 vero
912 3251 948 3311 de
972 3251 1079 3310 auxilio
1104 3251 1133 3310 lo
1156 3253 1236 3310 uitur
1260 3251 1337 3330 quod

194 3327 224 3384 in
250 3325 334 3384 rebus
359 3325 484 3384 conlusio
509 3333 537 3386 et
562 3329 677 3408 perditis
701 3337 818 3409 repente
844 3337 873 3390 ct
892 3338 1005 3412 praeter
1025 3349 1105 3410 spem
1124 3271 1248 3390 allatum
1268 3338 1336 3400 crat,

193 3412 271 3464 recte
292 3405 416 3464 sentiunt
436 3407 618 3486 interpretes,
639 3410 696 3488 qui¹
708 3409 882 3468 subaudiunt
900 3410 1088 3470 similitudinis
1108 3419 1223 3482 aotam,
1243 3408 1336 3488 Quasi

193 3485 224 3544 in
244 3483 314 3544 urbe
333 3485 450 3558 munita,
470 3505 536 3546 narn
557 3507 647 3566 quum
666 3488 702 3546 ad
718 3490 899 3550 omneeiclus
920 3495 1031 3570 pateret
1042 3489 1147 3564 David,
1166 3491 1335 3569 iniuriisque

195 3565 327 3623 omnibus
353 3566 499 3644 expositus
525 3565 614 3640 foret,
638 3567 690 3626 sibi
710 3570 739 3627 in
759 3567 813 3628 bac
832 3571 958 3630 nuditate
977 3577 1006 3630 et
1019 3570 1120 3650 ‚inopia
1141 3569 1233 3650 pluris
1253 3571 1337 3630 luisse

194 3641 251 3702 Dei
272 3643 410 3704 auxilium
429 3647 529 3724 iactat,
549 3665 637 3731 quam
657 3645 757 3708 urbem
778 3647 1022 3728 cenomaniam,
1048 3651 1095 3710 rel
1113 3651 1337 3736 inexpugnabile

194 3723 451 3811 propugnaculum.

283 3945 338 4012 22.
361 3941 431 4036 Ego
460 3955 569 4014 autern
595 3946 737 4015 dixeram
768 3948 802 4016 in
828 3947 1039 4040 trepidatione
1065 3973 1151 4034 mea,
1171 3947 1337 4017 Proiectus

196 4070 269 4116 surn
296 4074 316 4117 a
345 4062 518 4142 conspectu
545 4052 711 4122 nemorum
733 4066 878 4138 tuorum,
906 4055 1018 4148 utique
1042 4057 1152 4124 'tamen
1179 4057 1336 4124 exaudisti

196 4177 312 4224 vocem
340 4157 597 4249 deprecationum
618 4184 776 4245 mearum,
803 4163 882 4230 dum
903 4161 1035 4230 clamavi
1057 4163 1098 4228 ad
1119 4173 1162 4230 te.
1207 4162 1264 4232 23.
1287 4161 1338 4228 Di

197 4259 284 4360 ligite
305 4261 471 4350 lebovam,
493 4287 607 4334 ornnes
628 4270 785 4338 mansueti
808 4269 890 4338 eiust
918 4267 1027 4338 fideles
1050 4267 1189 4342 custodit
1210 4268 1337 4350 lebova,

1183 4625 1211 4680 N
