2804 4890
223 35 231 68 Ι

179 245 235 302 132
404 298 415 344 l
615 237 902 282 scaminus

182 371 307 452 sperant.
346 358 427 425 flues
450 363 537 426 etiam
561 364 635 426 ratio
653 362 689 424 ad
712 361 925 448 provocandam
945 359 1002 424 Dei
1024 361 1253 424 misedeurdiam
1274 383 1329 423 no-

181 447 268 520 tanda
287 451 339 520 est,
358 465 396 506 ue
415 443 558 506 obnoxius
577 445 614 505 sit
632 442 758 504 hostium
770 441 909 516 ludibriis,
929 461 1051 524 quorum
1071 442 1244 525 improbitas
1265 463 1331 504 uon

182 527 272 612 magis
290 526 355 607 pios
374 523 484 585 animos
503 525 641 597 vulnerat,
660 543 747 606 quiam
766 521 863 583 Deum
882 523 977 604 ipsum
995 523 1118 583 laoeseit.

263 609 292 668 3.
311 607 415 667 Etiam
434 612 602 687 omnesqui
620 610 844 686 teexspeelunt.
873 601 906 661 Si
926 601 1012 667 verba
1031 602 1060 661 iu
1071 601 1190 684 optandi
1201 601 1332 662 modun

183 683 321 760 resolvas,
339 682 397 744 hoe
415 703 500 758 versu
518 684 708 764 preealionem
727 701 809 742 suam
828 683 976 742 continuat
993 679 1104 754 David,
1130 689 1162 743 et
1224 682 1269 741 od
1291 682 1331 742 de

183 785 216 826 se
234 783 294 824 unu
318 763 444 837 dixerat,
466 763 655 822 eommuuiler
678 762 715 822 ad
740 767 858 822 eunetos
883 759 982 820 fideles
1007 761 1144 822 extendit
1181 703 1248 821 bid
1271 781 1331 842 ego

81 855 86 864 “
183 845 215 906 iu
234 843 375 904 diversam
394 843 489 923 potius
507 843 675 902 sententiam
694 840 808 914 inclino,
827 847 860 900 ut
879 838 975 900 Dolid
994 837 1120 900 beatum
1139 843 1250 921 gutiae
1268 839 1329 900 Dei

184 922 325 1018 ontepdat,
341 923 393 1060 pei
413 941 450 982 ex
469 920 633 1016 liberalique
645 939 705 1016 ,spa
723 921 881 1002 proveniet.
917 917 1035 980 Pondus
1055 925 1152 1016 auteur
1170 920 1279 980 subest
1296 923 1330 980 in

184 1002 667 1156 titldtttlttllt
668 999 926 1150 lltt'lllll,
943 999 1235 1160 lilium
1235 1019 1331 1161 1333:

147 1211 152 1219 .
223 1166 283 1222 tere
301 1159 443 1241 iutelligit:
468 1160 536 1255 speia
559 1159 666 1220 seilicet
690 1178 789 1220 omnes
808 1157 866 1218 Dei
888 1157 963 1243 filips
983 1159 1087 1240 eriget,
1105 1177 1141 1220 ae
1159 1165 1330 1240 prosternet

185 1179 382 1320 mproborum
400 1239 544 1300 ferociam.
584 1237 686 1300 Posset
704 1241 791 1300 etiam
813 1239 887 1298 alius
905 1257 968 1298 esse
986 1257 1101 1308 sensus,
1126 1239 1185 1298 ansi
1205 1240 1235 1298 in
1257 1238 1330 1299 fidei

185 1338 255 1380 suae
273 1317 516 1380 confirmationem
526 1317 578 1390 sibi
588 1325 761 1402 proponeret
770 1318 865 1382 David
876 1317 953 1398 quod
964 1319 1070 1399 passim
1078 1315 1161 1377 Deus
1169 1321 1329 1399 promittit.

186 1397 246 1460 Sed
269 1398 317 1458 illa
341 1417 428 1478 quam
451 1399 534 1494 attuli
553 1401 747 1496 interprelalip
772 1397 842 1458 mihi
861 1397 974 1457 videtur
993 1399 1137 1494 eptimima
1155 1417 1235 1496 essep
1255 1417 1329 1458 nam

185 1477 697 1637 tlittltttllfiitltgl
716 1497 776 1616 ll
785 1476 1329 1630 llltlllttlllttittlti
1391 1595 1392 1636 p

185 1635 249 1696 lore
267 1638 412 1717 privatum
434 1635 618 1710 beneficium,
642 1639 722 1697 euius
746 1578 785 1696 ai
808 1655 906 1697 omnes
931 1637 1077 1717 perveniet
1095 1638 1221 1696 tructus:
1238 1639 1324 1697 s'enli
1391 1647 1392 1696 l

185 1713 249 1776 lieri
267 1736 327 1776 unu
373 1722 463 1776 oterat
487 1718 557 1796 quin
581 1717 736 1780 mullorum
759 1715 914 1776 labasceret
937 1715 1022 1789 fides,
1047 1717 1070 1774 si
1095 1717 1199 1783 luisset
1220 1737 1235 1776 a
1253 1715 1322 1777 Deo
1391 1705 1392 1776 l

186 1795 313 1856 relictus.
351 1737 385 1854 in
410 1795 539 1856 membro
564 1799 697 1876 oppositu
726 1797 922 1868 ratiocinatur,
948 1797 971 1855 si
1003 1796 1114 1856 eoniusi
1140 1797 1250 1856 iaoeant
1267 1797 1320 1855 im·
1391 1795 1392 1812 ¹

187 1875 279 1956 probi,
299 1875 336 1936 ad
354 1874 411 1935 Dei
436 1877 555 1955 gloriam
580 1878 609 1936 id
635 1883 776 1956 spectare:
800 1877 867 1955 quio
886 1895 989 1936 somam
1012 1877 1040 1934 ln
1066 1875 1152 1936 rebus
1198 1879 1324 1956 rosperie

186 1955 342 2015 exsultatio
360 1955 454 2035 palam
465 1955 530 2016 Deo
549 1955 651 2031 illudit,
671 1955 739 2015 dum
759 1957 993 2036 contemploeius
1007 1955 1110 2016 iudicio
1130 1975 1167 2014 au
1207 1957 1269 2015 eius
1289 1957 1325 2014 ad

187 2033 330 2094 licentiam
350 2035 486 2114 peccandi
504 2042 600 2094 ruunt
640 2032 727 2112 Quod
747 2035 834 2109 addit,
852 2041 916 2094 sisae
935 2058 1037 2106 conso,
1057 2033 1323 2116 aderimenampli-

186 2112 331 2178 lieaudum
349 2113 437 2172 valet
474 2111 568 2173 illinus
587 2115 663 2173 enim
682 2114 797 2173 ferenda
817 2120 861 2174 est
880 2115 940 2173 eius
960 2115 1164 2196 pravitas,¹qui
1182 2115 1264 2176 nulla
1283 2116 1324 2176 iu·

186 2191 259 2252 iuria
277 2191 433 2268 lacessitus,
452 2191 528 2252 ultro
548 2193 585 2254 ad
603 2193 755 2254 laedendos
773 2191 903 2256 homiues
923 2195 1056 2254 innoxius
1074 2194 1173 2255 lemur.

275 2352 308 2424 4.
332 2355 405 2424 Vias
426 2365 497 2424 tuae
523 2356 640 2425 lehova
661 2358 711 2451 fae
732 2381 785 2426 me
799 2357 980 2459 intelligere,
1002 2358 1130 2426 semilae
1150 2369 1224 2428 tuas
1246 2361 1324 2430 doce

188 2487 251 2534 me.
296 2465 327 2533 5.
349 2461 458 2554 Dirige
479 2487 531 2530 me
553 2461 586 2530 iu
607 2465 737 2534 veritate
758 2475 822 2547 tua,
844 2476 877 2532 et
897 2465 977 2535 doce
999 2489 1067 2536 mee
1089 2465 1164 2556 quia
1185 2463 1323 2534 tuDeus

122 2619 126 2638 .
188 2569 297 2642 salutis
319 2593 420 2652 ureae,
440 2579 472 2636 te
495 2569 677 2660 exspectavi
697 2581 766 2638 loto
789 2571 849 2639 die.
894 2571 927 2638 6.
949 2570 1127 2640 Recordare
1153 2572 1324 2640 miseratio

188 2699 267 2742 num
288 2685 415 2742 tuarum
436 2674 562 2758 lebona,
584 2685 616 2743 et
638 2675 822 2760 bonitatum,
844 2677 916 2768 qnia
939 2677 1067 2746 fuerunt
1094 2701 1111 2743 a
1134 2678 1254 2746 sendo.
1294 2679 1322 2746 7.

188 2780 492 2874 Transgressiouum
512 2781 685 2852 iuventutis
711 2807 815 2868 meae,
836 2793 870 2852 et
889 2783 1091 2874 iniquitatum
1113 2807 1260 2858 meamm
1282 2810 1322 2854 ne

189 2887 385 2956 memineris:
406 2887 581 2956 seeundum
604 2889 803 2959 elementiam
823 2899 913 2958 mam
933 2889 1107 2960 recorderis
1123 2891 1188 2962 mei
1208 2902 1325 2984 tupru·

84 3031 89 3044 ·
189 3005 262 3088 pter
280 2993 455 3063 bonitatem
467 3004 573 3102 pteram,
594 2994 721 3064 lehova.
1104 2990 1107 2998 ’

269 3137 298 3202 4.
324 3143 399 3200 Vtar
418 3149 495 3200 lam.
536 3138 594 3200 Per
611 3141 673 3201 vias
692 3139 810 3202 Domini
829 3140 972 3202 interdum
991 3127 1132 3222 signifieat
1149 3140 1248 3203 David
1267 3142 1321 3202 lee-

189 3227 236 3280 tos
254 3225 285 3280 et
308 3219 445 3308 salutares
468 3221 583 3291 exitnss
600 3227 634 3280 ut
657 3219 724 3280 alibi
747 3223 841 3280 visum
870 3221 938 3282 lull:
963 3225 1075 3302 saepius
1099 3239 1169 3282 vero
1194 3221 1322 3304 inlelligit

189 3303 287 3358 saneta
315 3298 446 3378 iusteque
474 3299 590 3358 vivendi
619 3299 754 3379 reguiam.
794 3299 864 3374 Hie,
894 3303 961 3381 quia
987 3321 1058 3361 mox
1077 3301 1191 3361 additur
1209 3304 1320 3374 veritas,

189 3377 361 3471 precationis
385 3397 497 3437 summa
520 3385 563 3438 est
584 3379 798 3458 (meoiudicio)
823 3382 856 3440 ut
874 3379 956 3441 Deus
980 3401 1095 3442 servum
1115 3401 1199 3441 suum
1219 3382 1248 3441 in
1266 3381 1322 3442 lide

190 3476 413 3552 prpmassrouum
429 3477 548 3553 enarum
567 3460 696 3554 retineat,
715 3478 810 3554 nepae
829 3461 906 3556 sinat
922 3460 979 3520 bue
1002 3461 1049 3520 vel
1067 3462 1138 3522 illue
1156 3460 1252 3521 dilabi.
1281 3461 1321 3558 lla⁸

190 3545 458 3695 tillidi}
472 3537 826 3697 telllllllnt'tl
844 3541 1095 3702 &little
1113 3547 1322 3703 i‘n't‘imoei’pi
1349 3645 1352 3648 <

189 3693 383 3790 stulstDavid
401 3695 511 3778 Spiritu
530 3697 586 3756 Dei
606 3718 638 3757 se
657 3699 724 3778 regi,
744 3717 813 3758 nea
832 3706 912 3759 reeto
932 3719 1018 3760 eursu
1037 3700 1182 3762 delleetste
1201 3701 1252 3761 sed
1270 3701 1320 3761 sibi

191 3773 320 3914 perpellere
340 3795 427 3872 quam
447 3797 536 3838 verax
554 3784 583 3836 et
602 3777 694 3874 tidelis
712 3780 749 3838 sit
758 3777 839 3839 Deus
858 3780 888 3839 iu
906 3781 964 3840 suis
983 3781 1140 3860 promissis,
1158 3786 1193 3840 ut
1204 3781 1321 3876 quietus

68 4014 70 4026 .
190 3857 435 3995 merel*
454 3857 1322 4022 drasselesriede„messenatae

191 4033 260 4110 men
277 4014 347 4074 mibi
367 3958 513 4108 probabile
532 4024 586 4094 esl,
606 4017 660 4077 snb
679 4016 812 4078 Veritatis
831 4019 945 4078 nomine
963 4021 993 4078 in
1011 4022 1145 4100 proximo
1164 4039 1251 4080 vomu
1268 4039 1317 4080 ex·

191 4113 271 4174 poni,
292 4111 429 4174 quasnam
448 4115 510 4156 vias
529 4095 558 4156 tt
576 4099 690 4157 semitas
712 4104 807 4170 vocet,
826 4097 863 4157 ad
887 4106 1063 4176 praesentum
1082 4101 1319 4160 aminnium
1391 4097 1392 4162 l

192 4180 294 4268 aetatu
318 4173 376 4234 boe
399 4174 505 4236 referre
528 4195 587 4234 nnn
613 4178 725 4237 dubito:
756 4178 834 4258 quud
858 4179 965 4238 scilieet
984 4177 1080 4238 David
1105 4177 1152 4238 val
1176 4178 1212 4238 ab
1236 4181 1322 4262 impt-
1391 4175 1392 4260 J

192 4257 299 4328 luentia,
323 4255 369 4314 vel
395 4275 412 4315 a
437 4257 568 4336 cupidine
593 4258 749 4332 viridiores,
772 4257 821 4316 orl
841 4255 876 4316 ab
896 4259 993 4318 illieito
1014 4261 1116 4339 quovis
1134 4257 1250 4319 ltrvnre
1268 4277 1321 4318 rue·
1391 4277 1392 4362 p

192 4335 506 4413 tusaepromissioues
525 4334 581 4396 Dei
605 4339 717 4416 ponitus
741 4336 822 4398 nundi
842 4352 898 4398 seo
922 4337 1043 4420 iusnnlpi
1062 4337 1203 4420 ,postulet-
1243 4336 1322 4400 lliui-
1391 4363 1392 4412 l
