2818 4886
214 252 272 310 ,ιω
639 215 947 306 ιοιιιιιιιιιι

212 415 219 424 ·
244 387 247 395 ’
297 383 328 442 2.
348 381 430 440 Deus
448 397 538 450 meus,
556 385 610 438 ete.
630 373 744 436 Primus
761 395 861 438 sersus
881 375 952 437 duas
967 373 1106 438 notabiles
1120 375 1354 438 seuteniirscon·
1399 441 1400 450 ,

216 461 305 522 ussa
326 457 461 540 qnaeetsi
471 457 500 515 iu
514 459 636 537 speciem
652 455 785 516 ridentur
800 457 966 528 contrariae,
986 456 1112 536 quotidie
1125 462 1223 516 tamen
1237 458 1354 536 piorum
1399 467 1400 518 i

218 540 319 602 animis
343 537 427 598 simul
444 535 595 617 obrepunt.
635 533 723 613 Quod
743 556 774 596 sc
792 534 894 599 a'Deo
914 537 1043 598 relictum
1063 541 1093 596 ot
1110 535 1253 608 abiectum
1275 536 1356 606 dicit,
1399 533 1400 540 '

150 617 153 622 ’
260 619 396 678 crimonia
421 616 618 676 videturesse
641 614 764 674 bominis
791 615 945 696 desperati:
970 631 1044 695 quae
1067 616 1144 674 enirn
1169 615 1285 676 residue
1309 623 1356 674 est

213 641 286 760 lde
305 697 434 769 scintilla,
453 695 502 754 ubi
521 697 549 756 in
567 695 629 754 Deo
642 694 714 754 nihil
728 695 825 756 auxilii
841 697 979 760 sentitur?
998 692 1040 753 iic
1051 700 1145 754 temen
1159 694 1240 774 quod
1253 693 1356 754 Deum

212 797 302 840 'snum
320 777 363 836 bis
383 775 522 856 appellet,
544 794 670 856 suosque
688 777 810 854 gemitus
828 775 858 836 in
877 776 938 836 eius
957 775 1051 836 sinum
1070 773 1201 854 deponit,
1220 794 1284 834 non
1304 775 1344 834 ob

212 875 305 920 seura
320 863 367 916 est
382 855 450 915 [idei
467 856 618 916 consessio.
651 852 742 933 Atqui
761 853 816 916 boc
834 855 967 916 intestino
986 854 1120 914 condictu
1137 855 1201 934 pios
1220 855 1356 916 exerceri
1399 823 1400 910 l

212 955 332 1000 nemse
356 942 412 1008 est,
436 936 546 1014 quoties
565 934 672 994 favens
691 935 735 993 sui
754 934 834 1014 signa
852 933 933 994 Dens
953 933 1099 1008 subducit,
1124 941 1156 993 nt
1175 948 1356 1014 quoeunque
1399 935 1400 1014 l

216 1024 310 1078 vertat
329 1015 442 1089 oculos,
466 1014 537 1074 nihil
555 1020 668 1095 praeter
686 1015 777 1073 noctis
796 1013 925 1076 tenebras
944 1019 1086 1074 occurrat
1125 1011 1222 1092 Atque
1242 1011 1303 1072 boe
1319 1011 1356 1074 fi·
1399 1021 1400 1084 l

214 1097 325 1158 delibus
344 1093 470 1172 swidero
489 1094 562 1167 dioo,
583 1100 616 1152 nt
634 1103 730 1154 seeum
744 1093 878 1154 luctando
893 1100 954 1154 tans
967 1093 1059 1154 carnis
1073 1091 1269 1152 infirmitatem
1287 1113 1355 1173 pro-
1399 1099 1400 1178 i

211 1178 299 1249 dant,
317 1177 404 1256 qnam
423 1174 509 1254 tidem
528 1180 677 1234 testentur.
716 1171 867 1253 Reprobos
886 1174 976 1246 enim,
1001 1174 1068 1252 quis
1088 1171 1264 1232 diffidentiae
1282 1191 1354 1232 snae
1399 1179 1400 1192 ¹

208 1257 375 1334 indulgent,
395 1254 491 1315 obruit
509 1255 553 1312 sni
573 1253 713 1328 anxietas,
733 1259 766 1313 ut
784 1253 821 1312 ad
833 1250 889 1314 Dei
907 1253 1026 1333 patiam
1045 1251 1101 1314 fide
1119 1271 1179 1318 nou
1193 1251 1353 1332 adspirent
1399 1275 1400 1336 ;

213 1335 305 1414 Quod
317 1341 414 1394 sutem
429 1353 459 1400 se
475 1331 568 1394 David
583 1333 757 1404 sustinuerit,
776 1351 900 1412 nequca
915 1333 1072 1396 tentatione
1085 1330 1354 1412 suerit-absorptus.
1399 1339 1400 1410 l

216 1437 254 1478 ex
277 1414 371 1474 verbis
394 1415 527 1492 colligere
550 1419 716 1494 promptum
740 1419 796 1472 est:
823 1413 890 1492 quia
913 1413 967 1472 etsi
992 1431 1058 1472 eum
1085 1410 1210 1492 graviter
1228 1411 1354 1490 urgebat
1399 1415 1400 1462 i

214 1495 342 1566 tristitia,
357 1511 426 1554 ‘non
450 1501 546 1553 tamen
571 1493 600 1552 in
625 1491 699 1552 bane
718 1510 819 1552 vocem
839 1488 947 1572 erupit,
971 1492 1026 1552 nisi
1045 1498 1159 1552 strenue
1179 1491 1353 1564 resistendo,

131 1601 134 1614 ·
214 1575 296 1635 Dens
320 1593 413 1646 meus,
436 1572 517 1633 Deus
541 1591 631 1632 meus.
669 1571 748 1634 Idem
768 1570 894 1651 quotidie
913 1572 1034 1651 quisque
1053 1571 1178 1630 fidelium
1197 1571 1229 1630 in
1247 1589 1283 1630 se
1301 1591 1353 1629 ex·
1399 1601 1400 1612 ι

214 1656 332 1737 peritur,
353 1659 385 1712 nt
403 1673 458 1733 pro
478 1653 570 1712 carnis
589 1671 689 1726 sensu,
713 1672 731 1712 a
750 1649 815 1711 Deo
835 1669 866 1710 se
885 1653 1023 1711 reiectum
1042 1657 1072 1711 st
1091 1650 1234 1710 desertum
1252 1650 1352 1710 cristi·

213 1740 286 1796 met:
310 1733 367 1794 fide
391 1739 486 1794 tamen
506 1731 699 1813 apprehendat
717 1730 911 1795 absconditam
930 1733 1065 1812 gratim,
1088 1731 1129 1790 ita
1147 1729 1181 1790 fir
1200 1735 1234 1788 ut
1252 1730 1284 1790 in
1303 1749 1351 1789 eo·

212 1834 278 1876 rum
297 1811 428 1894 precibus
447 1813 580 1872 contrarii
599 1813 717 1872 affectus
736 1810 822 1872 dmnl
840 1812 974 1894 permixti
993 1809 1049 1871 siut
1062 1828 1097 1870 ac
1110 1809 1248 1904 impliciti.
1274 1807 1352 1868 lieri

213 1973 357 2058 praesenti
378 1993 475 2034 rernm
496 1971 632 2052 adspectu
652 1977 801 2052 concipiat
826 1965 904 2054 Ergo
924 1971 972 2030 nbi
992 1989 1045 2032 nos
1065 1969 1114 2029 din
1132 1969 1352 2029 inmoerereia·

205 2073 280 2116 cere
299 2059 329 2112 et
348 2053 429 2132 quasi
448 2051 591 2112 tabescere
610 2049 827 2131 sinit,.pcrinde
846 2071 899 2112 nos
914 2050 990 2111 affici
1004 2069 1119 2110 necesse
1132 2055 1176 2110 est
1190 2048 1351 2108 secundum

214 2151 343 2205 carnus,
367 2133 426 2192 acsi
449 2152 516 2192 eum
535 2130 656 2212 cepisset
674 2131 764 2192 nostri
784 2131 899 2208 oblivio.
939 2129 995 2190 Ubi
1013 2135 1108 2190 totam*
1124 2127 1249 2188 bominis
1270 2148 1350 2188 men·

204 2221 272 2274 -tem
293 2217 414 2292 occupat
432 2213 496 2272 talis
513 2209 769 2282 anxietas,demer
789 2211 810 2271 ‘t
828 2211 859 2270 in
877 2209 1019 2291 protunda
1037 2207 1244 2282 incredulitate,
1264 2207 1349 2268 nied

71 2315 74 2333 ⁴
205 2290 371 2354 sensatum
389 2292 512 2372 emplius
531 2311 590 2351 nou
609 2289 742 2428 adelpiret.
761 2231 798 2352 di
814 2311 884 2354 vero
904 2311 943 2351 ex
962 2291 1095 2372 opposito
1108 2294 1257 2350 succurrat
1268 2287 1351 2360 tides,

214 2371 291 2432 idern
313 2371 362 2430 ille
387 2371 436 2450 qni
459 2389 549 2432 exre
568 2371 629 2451 ipsa
678 2389 745 2429 enm
765 2369 818 2431 sibi
836 2370 980 2431 infensum
998 2370 1046 2430 vel
1064 2368 1189 2430 alienum
1206 2369 1351 2440 aestimat,

211 2453 243 2512 in
262 2451 456 2531 promissionis
475 2451 590 2530 speculo
610 2449 746 2509 latentem
765 2469 800 2510 ac
818 2457 957 2511 remotam
977 2451 1038 2509 eins
1056 2450 1177 2530 gratiam
1195 2449 1347 2529 conspicit

120 2526 122 2540 '
210 2531 290 2592 later
303 2529 368 2590 bos
392 2529 464 2590 duos
487 2530 607 2590 affectus
632 2530 774 2590 alternant
796 2529 841 2602 bi,
864 2529 933 2590 duur
957 2527 1048 2590 Satura
1072 2527 1189 2590 obiectis
1207 2525 1348 2596 iraeller

204 2611 406 2752 istria
415 2611 463 2752 ri
475 2609 1095 2760 “eclesiasticarum
1111 2607 1347 2762 “stabiliti

202 2769 306 2830 Deum
324 2711 608 2844 maessepreost,
631 2787 782 2848 quousque
801 2711 955 2850 paternanlJ
967 2769 1069 2830 taciem
1087 2709 1190 2828 dlrrsns
1207 2767 1347 2848 proferat

204 2847 294 2912 =Nunc
310 2857 441 2910 tenemus
460 2869 497 2910 ex
517 2869 575 2930 quo
595 2847 674 2910 lente
693 2848 821 2929 prolecta
839 2849 877 2908 sit
895 2856 955 2910 tam
974 2847 1046 2911 baec
1060 2847 1240 2919 exclamatio,
1261 2845 1347 2908 Deus

202 2944 305 3014 sinens,
324 2929 405 2990 Dens
424 2949 518 2999 meus,
541 2947 632 3008 qnam
650 2930 827 3008 querimonia
868 2947 921 2992 uae
939 2929 1036 2990 statim
1055 2926 1181 3000 additur,
1210 2929 1252 2986 Ui
1272 2929 1349 3010 quid

188 3025 256 3072 'sse
272 3011 470 3093 dereliquisti?
497 3008 572 3068 Nam
590 3027 681 3088 qrmm
700 3007 861 3070 dolorisve
920 3009 1014 3090 lenda,
1032 3013 1063 3068 et
1081 3007 1174 3069 earnis
1191 3005 1348 3068 iufirmitas

202 3109 310 3157 coeam
329 3089 403 3150 banc
421 3079 602 3169 exprimeret,
620 3087 683 3168 Ego
702 3107 720 3148 a
739 3086 805 3149 Deo
824 3087 938 3164 relictus
957 3107 1036 3159 susm:
1056 3105 1093 3150 ne
1107 3105 1263 3180 oppressus
1280 3107 1347 3148 suo

73 3229 76 3240 ,
200 3169 371 3240 cumberet,
394 3170 599 3228 correctionem
618 3168 736 3227 dictarit
754 3167 838 3242 fides,
858 3175 892 3228 ut
912 3165 1009 3228 Deum
1027 3185 1111 3230 suum
1130 3165 1272 3264 intrepide
1290 3187 1345 3228 vo·

201 3241 297 3328 'capet
316 3267 339 3342 a·
353 3267 418 3343 qno·
430 3267 462 3307 se
480 3247 611 3306 relietum
631 3245 757 3342 putabat
781 3245 849 3342 ⁸lnro
868 3246 998 3344 ridemus
1014 3247 1126 3344 priores
1145 3245 1257 3308 dedisse
1277 3267 1344 3328 par·

198 3325 1343 3490 'isititiff'iiiitii‘iiiiiititiii⁰iiii'ilii,ii“ii

200 3503 277 3546 sane
301 3488 367 3570 qnia
391 3489 484 3584 carnis
507 3487 635 3548 affectus·
651 3486 770 3548 simulac
793 3487 948 3582 ebulliunt,
970 3505 1030 3581 non
1054 3483 1140 3582 icelle
1161 3483 1343 3582 pobrbentur,

198 3566 722 3729 iiiiiiitiiiiiiitiiii
736 3573 951 3720 inimi?
968 3585 1031 3706 ii:
1045 3564 1342 3726 iiiiiiiiil}

197 3743 269 3786 aem
292 3741 391 3800 snum,
414 3733 444 3786 et
467 3727 515 3807 pia
538 3727 718 3786 invocatione
740 3731 901 3807 temperans
926 3725 1005 3806 qnod
1023 3733 1124 3806 postea
1142 3725 1179 3789 de
1196 3725 1343 3788 malornm

197 3820 325 3866 'suornm
344 3807 538 3886 magnitudine
557 3807 697 3888 deplorat.
715 3804 749 3866 Si
767 3807 843 3867 enim
861 3807 988 3886 praecise
1008 3805 1135 3880 dixisset,
1152 3803 1215 3866 (lus
1234 3805 1344 3866 tobosa

212 1913 273 1974 non
291 1899 386 1974 potest
404 1889 579 1974 quinDennr
599 1892 647 1953 rel
665 1893 820 1988 propitium
839 1891 888 1952 vel
905 1891 1057 1952 adversum
1080 1897 1173 1950 arms
1191 1907 1294 1950 sensns
1312 1907 1352 1948 ex

199 3903 255 3983 pne
274 3881 398 3980 decepis?
416 3887 493 3947 risus
502 3892 576 3946 esset
589 3885 689 3981 acerbp
702 3887 931 3981 expostulatione
942 3885 1064 3981 fremere
1079 3886 1215 3980 adversus
1228 3883 1344 3982 licum

206 3945 825 4126 salutassemus
839 3965 1342 4125 tristissimae

206 4143 276 4186 suos
301 4126 469 4205 compescit,
491 4143 529 4186 ne
553 4125 628 4184 ultra
651 4124 758 4184 iustum
780 4123 899 4196 modurn
923 4125 1081 4206 prosiliant
1119 4121 1180 4186 Nec
1205 4145 1342 4208 superse

208 4210 326 4266 cua=est
343 4205 488 4299 repetitio,
505 4203 575 4264 dnm
593 4204 637 4264 bis
653 4201 751 4265 Deum
771 4223 855 4266 sunm
874 4205 1016 4265 nominat:
1035 4211 1122 4288 atque
1141 4204 1229 4265 etiam
1249 4207 1339 4288 penio

189 4290 278 4362 ·post
314 4287 400 4344 tertre
428 4283 553 4369 incrdcat
580 4282 657 4344 idem
685 4283 819 4367 elogium.
849 4279 944 4346 'Nam
972 4278 1040 4365 quia
1069 4285 1193 4364 srdurnu
1226 4294 1275 4348 est
1308 4305 1341 4346 se
1399 4299 1400 4340 l

207 4361 359 4428 molatura
385 4382 453 4430 cuns
480 4361 536 4426 bec
563 4363 738 4449 murrona,
760 4363 855 4450 specie
873 4369 1044 4447 ἰωιῐιιιιιιι,
1072 4363 1125 4438 nbi
1145 4361 1235 4448 Deus
1257 4367 1339 4448 quao'

239 4521 322 4578 Ji
