2804 4890
29 281 35 320 ι

190 2977 276 3036 Ιιιιιιε,

201 283 255 340 222
365 331 370 351 ι
623 282 917 326 susurrans

203 413 262 480 mi,
281 378 509 480 stldsnt'nori
526 409 648 468 imolare
671 377 862 490 ex'proiasso
887 407 957 508 quid
980 415 1080 492 egunt,
1104 411 1153 474 vel
1175 409 1210 474 iu
1235 415 1345 496 quous

12 483 26 512 '
78 502 81 517 ·
204 485 355 549 mucroni
378 488 499 562 mortui,
523 479 572 548 scri
596 493 707 548 tautum
731 489 873 585 respicere
897 507 927 550 ιιι
946 507 1033 569 quom
1051 489 1140 554 flocus
1159 495 1344 558 simui:

203 567 261 629 boc
279 566 519 648 mundo„uempe
538 571 571 628 ut
590 567 637 627 alii
656 559 718 628 aliis¹
736 557 1055 649 rimasiru¹gloriaellsi
1072 573 1166 634 simos

81 673 86 691 ·
203 647 258 708 buo
280 647 463 714 meditatione
487 646 611 710 defuncti
630 661 722 730 usquc
745 648 782 708 ad
806 648 936 710 ultimam
960 650 1038 710 ritus
1060 653 1234 728 metemur
1251 663 1347 716 morte

204 726 474 870 obmoppsussnppdi
492 808 611 893 ieiunos.
649 757 858 868 llue'clriosnla
882 808 1009 889 priorem
1035 807 1251 894 querimonia
1274 817 1345 872 ian

203 891 286 970 perot
305 893 334 946 et
353 887 425 946 comi
447 887 476 959 't,
495 885 735 982 absurdumeniib
744 887 852 983 ιιιιιιιιι,
867 889 954 984 prasi
967 888 1117 970 desperati
1130 890 1243 964 silutca‘
1255 909 1344 987 expo

202 967 403 1128 ttitgtt
426 964 967 1128 ,tistitlttiitiiittt
987 965 1344 1131 3⁰3⁰*less

203 1125 286 1188 caudi
304 1125 425 1186 formam
445 1127 559 1198 animet,
579 1131 609 1184 et
628 1140 737 1185 novas
793 1133 932 1206 oobcepia
949 1127 1086 1208 implorat
1104 1125 1162 1190 Bel
1182 1131 1343 1191 misericor·

192 1205 279 1266 'diem
298 1211 328 1265 et
346 1203 493 1279 auxilium,
512 1205 601 1286 priori
619 1210 716 1265 autern
747 1222 801 1268 oco
819 1210 946 1287 grabam·
958 1205 1016 1266 Dei
1030 1211 1139 1285 statuit,
1158 1209 1240 1270 uude
1257 1229 1342 1292 opem

202 1305 290 1368 quum
308 1285 426 1366 flagitat,
444 1292 559 1365 sperare
578 1283 682 1345 debuit

291 1486 343 1554 12.
365 1467 557 1554 convertisti
583 1485 705 1554 luctum
726 1508 837 1567 meuse
857 1485 892 1553 iu
913 1485 1092 1578 tripudium*
1105 1487 1196 1574 mibi,
1219 1489 1338 1560 solvisti

75 1617 76 1622 ¹
205 1613 474 1672 saccummeum,
495 1601 529 1658 et
549 1591 673 1660 cinxisti
695 1613 748 1660 me
757 1590 884 1659 laetitio.
931 1593 983 1660 13.
996 1593 1040 1660 Ut
1060 1593 1174 1685 psallat
1194 1595 1253 1662 tibi
1271 1595 1338 1689 glo·

203 1699 258 1784 ria,
280 1709 313 1768 et
333 1695 526 1768 norrsileutt
547 1692 664 1764 lehovo
686 1691 776 1766 Deus
797 1697 853 1782 mi,
875 1708 1029 1790 perpetuo
1052 1699 1279 1770 celebrabo-tn

282 1845 331 1906 ti.
353 1847 538 1904 Cocum-tm.
568 1841 731 1902 Gmtiarum
750 1842 862 1902 actione
884 1861 902 1903 a
921 1861 978 1923 qua
997 1859 1117 1904 morsus
1136 1844 1244 1919 inerat,
1261 1845 1332 1907 Psal-

202 1945 284 1986 mum
303 1923 417 1984 claudit.
457 1917 530 1982 Nom
551 1921 628 2001 quod
648 1922 798 1981 Incolumis
818 1924 922 1996 evasit,
947 1921 1004 1982 Dei
1028 1941 1101 2006 ppus
1121 1931 1152 1984 et
1169 1923 1336 1986 beneficium

203 2023 266 2066 esso
292 2003 455 2077 confirmet,
481 2002 581 2060 deinde
605 2019 721 2060 eausam
744 1999 858 2060 finalem
884 2001 1025 2082 adiungit,
1044 2009 1079 2062 ut
1097 2003 1176 2082 quod
1196 2003 1337 2084 reliquum

203 2091 246 2146 est
271 2085 361 2157 vitoe,
385 2081 421 2140 ud
446 2081 585 2142 uouendas
605 2079 660 2139 Dei
685 2080 783 2140 laudes
809 2081 964 2160 impendet
1009 2079 1103 2140 Porro
1126 2083 1211 2142 sicuti
1236 2082 1337 2144 fatetur

202 2161 298 2223 David
324 2181 355 2220 sc
379 2161 408 2219 in
434 2159 515 2218 malis
536 2179 598 2218 ιιοιι
623 2159 711 2218 luisse
734 2159 879 2239 stupidum
904 2159 951 2218 vel
970 2159 1092 2220 ferreum
1113 2164 1185 2241 quiii
1203 2163 1293 2222 tristis
1310 2171 1336 2223 et

203 2249 331 2304 moestus
354 2240 474 2320 lugeret,
498 2241 538 2298 ita
558 2239 696 2310 ostendit,
720 2235 801 2298 lucto
825 2240 889 2318 ipso
908 2238 945 2298 ad
965 2239 1172 2320 deprecandum
1191 2242 1267 2304 bam
1285 2241 1336 2302 ιιι·

203 2339 235 2382 sc
258 2322 346 2381 fuisse
369 2319 535 2378 deductum.
574 2315 736 2396 Utrumque
755 2318 879 2378 maxime
899 2319 1017 2398 dignum
1038 2325 1086 2380 est
1108 2317 1282 2395 observstm
1302 2341 1336 2382 ne

202 2399 329 2461 Stoicum
349 2398 481 2458 duritiem
500 2396 640 2478 fingemus
659 2398 690 2455 in
716 2398 834 2470 sauciis,
854 2416 928 2477 quac
953 2417 1067 2458 omnem
1092 2399 1199 2460 doloris
1224 2420 1335 2461 mum

202 2481 243 2542 eis
268 2479 419 2550 ademerit,
445 2477 560 2549 deiude,
584 2483 617 2537 ut
641 2478 778 2551 sciamus,
809 2477 932 2556 lugendo
1037 2481 1165 2538 iteuiiam
1189 2480 1335 2540 meditetur

202 2557 349 2634 esse,‘boo
374 2559 516 2638 posterius
536 2561 624 2618 So‘cei
647 2559 763 2616 nomine
788 2556 925 2638 designat.
976 2559 1091 2620 'olcnne
1114 2560 1192 2621 euim
1217 2559 1273 2620 tuit
1290 2579 1334 2620 rs-

201 2641 256 2700 teri
274 2637 383 2720 populo
409 2641 523 2696 saecum
546 2639 577 2696 iu
602 2637 683 2696 luctu
701 2637 828 2709 induere,
847 2643 877 2697 et
897 2637 1012 2717 quidem
1032 2657 1090 2698 non
1109 2639 1165 2698 slis
1186 2638 1224 2699 de
1242 2659 1332 2716 musa,

201 2721 256 2782 nisi
275 2725 309 2778 ut
328 2737 443 2779 reorum
461 2735 552 2790 more,
572 2717 736 2796 suppliciter
754 2717 784 2776 in
804 2717 919 2776 sordido
938 2717 1037 2777 habitu
1060 2717 1099 2776 ιιιι
1118 2720 1233 2778 veniam
1252 2723 1333 2801 imps-

203 2799 332 2860 trnndam
352 2805 450 2858 eorem
476 2795 592 2856 coelesti
616 2797 709 2855 iudice
732 2795 877 2878 prodiret,
902 2803 989 2877 atque
1007 2797 1091 2857 etism
1111 2799 1218 2860 sumus
1238 2799 1333 2860 Οιιαι

202 2880 274 2940 tales
298 2877 423 3017 populos
448 2885 516 2958 prae
541 2877 603 2936 aliis
628 2875 663 2934 ad
688 2877 862 2936 ceremonias
887 2877 974 2936 inisse
993 2875 1143 2957 proclives.
1179 2877 1244 2938 lum
1261 2887 1333 2940 ime

311 2957 448 3020 luridum.
469 2957 600 3038 quumvis
623 2957 763 3036 patienter
787 2973 818 3016 so
837 2953 912 3036 Deo¹
927 2955 1085 3032 subiissent,
1104 2975 1165 3018 uon
1182 2958 1272 3018 furiosa
1289 2960 1335 3019 do·

201 3040 263 3100 lore
273 3039 407 3098 vacuum.
427 3035 486 3094 Sed
497 3036 624 3095 videmus
635 3036 729 3110 simul,
748 3036 891 3095 iristitiam
900 3037 961 3095 eius
970 3035 1057 3096 fuisse
1066 3037 1224 3116 secuudum
1235 3037 1334 3112 Deum

202 3115 757 3194 sicutiPuulus2.Cor.7,1ti.loquitur:
777 3115 1334 3196 quietostandoepoenitutitecsusnd

202 3201 317 3258 soccum
337 3217 368 3258 se
388 3195 518 3256 contulit.
562 3197 703 3275 ditpodtt
726 3213 798 3255 voce
823 3213 882 3255 ooo
898 3195 1072 3277 intelligitur
1095 3196 1202 3259 lascire
1222 3201 1334 3278 quaeris

101 3272 103 3281 ’
201 3279 250 3338 rel
270 3277 389 3358 prbiana
409 3275 532 3348 saltatio,
556 3273 607 3334 sed
627 3275 720 3412 ppavis
745 3281 775 3334 et
793 3282 890 3334 saucio
915 3275 1054 3356 professio
1073 3275 1204 3349 laetitias,
1226 3280 1334 3357 quaten

100 3391 108 3410 ι
200 3355 624 3434 reciiatSucrahistoria‚quum

661 3355 726 3416 ovid
737 3372 830 3414 arcum
840 3355 961 3416 foederis
970 3357 999 3414 iu
1010 3355 1105 3416 locum
1115 3356 1334 3418 mundusne.

202 3443 230 3499 2.
241 3436 321 3498 Sum.
332 3439 361 3512 6,
372 3438 418 3499 iti.
430 3435 565 3494 Ceterum
578 3435 601 3492 si
615 3434 725 3494 dendus
738 3435 961 3496 esiconiecturis
979 3435 1069 3510 locus,
1088 3435 1156 3496 birse
1175 3437 1263 3496 etism
1281 3437 1334 3500 ool

200 3517 289 3598 ligere
307 3517 384 3590 licet,
403 3528 540 3596 magnum
559 3514 615 3574 boo
635 3513 796 3586 discrimen,
821 3514 857 3574 de
876 3533 935 3594 quo
955 3514 1099 3596 loquutus·
1111 3521 1161 3575 est
1175 3513 1283 3592 David,
1300 3517 1333 3578 ιι

200 3597 333 3657 morbum
353 3597 477 3677 aliquem
496 3613 549 3677 per
586 3612 646 3653 rom
666 3595 805 3674 restringi,
825 3596 1016 3674 nequeenim
1036 3595 1188 3656 verisimile
1206 3603 1261 3668 est,
1277 3617 1333 3658 sao·

200 3696 268 3738 oum
287 3676 420 3749 induisse,
440 3695 530 3756 quum
560 3680 625 3736 ecto
644 3673 748 3734 ailixus
767 3676 880 3735 iaceret.
920 3671 986 3734 Nou
1006 3682 1079 3734 esset
1099 3675 1216 3754 quidun
1236 3695 1289 3758 per
1306 3696 1335 3738 ec

200 3755 272 3817 baec
296 3759 363 3816 satis
388 3755 470 3814 lirmu
496 3757 583 3828 ratio,
612 3755 661 3814 sed
686 3761 782 3814 tumen
806 3754 836 3814 iu
859 3771 891 3814 re
916 3753 1001 3814 dubia
1024 3754 1232 3836 pondero-uon
1251 3763 1333 3818 urci.

200 3835 350 3916 Significat
368 3837 454 3915 igitur
473 3833 578 3909 David,
598 3853 629 3894 sc
649 3833 777 3915 deposita
795 3831 909 3912 lugubri
928 3840 1017 3907 veste,
1036 3851 1054 3894 a
1073 3834 1209 3914 sundere
1228 3842 1259 3896 ct
1276 3855 1334 3896 sor

200 3915 283 3978 dibus
304 3915 340 3974 sd
359 3915 494 3975 laetitiam
505 3914 762 3976 luissereversumz
781 3913 868 3993 idque
887 3913 971 3974 unius
980 3912 1037 3974 Dei
1052 3913 1334 3996 gratiacstlsuffleus,

198 3995 378 4056 liberatorem
398 4013 482 4054 suum
502 3993 588 4052 inisse
608 4000 735 4053 testatur.

171 4087 174 4099 .
280 4079 327 4138 13,
354 4077 393 4134 Ur
409 4075 521 4154 pantini
540 4074 592 4132 lidi
610 4075 723 4152 glorio.
762 4069 874 4132 Clarius
884 4073 1020 4154 exprimit
1034 4071 1091 4132 hoc
1105 4090 1232 4134 versure
1250 4091 1332 4156 agno·

199 4173 278 4216 scere
296 4157 327 4214 in
347 4173 433 4235 quern
451 4151 539 4212 tinem
559 4149 704 4246 Diviniius
724 4170 741 4214 a
760 4159 854 4212 morte
873 4160 988 4233 ereptus
1007 4151 1102 4225 luerit,
1121 4150 1235 4234 sibique
1252 4172 1332 4214 curas

198 4235 337 4332 futurum³
349 4240 382 4293 ut
401 4233 508 4293 iustum
527 4231 707 4328 prsbtudinis
731 4231 859 4327 officinm
878 4229 947 4310 Deo
963 4233 1108 4312 rependat
1144 4231 1268 4326 'titurius
1284 4253 1331 4294 ao·

197 4313 339 4454 iiiiii
361 4311 1330 4472 'tit‘ttoittlttt'tsttitti‘i'tstttntt
