2730 4882
97 1157 101 1162 ,
200 1105 206 1116 ’
226 1085 373 1160 Ceterum,
392 1083 447 1144 hac
466 1084 663 1147 exhortatione
682 1085 768 1144 tacite
787 1081 918 1165 obiurgat

99 2271 123 2350 'J
219 2279 332 2352 merite,
352 2299 371 2338 n

229 245 283 300 362
336 210 338 217 Ι
511 285 519 297 ,
659 245 939 286 accursus

229 362 940 530 :latitsitibittl‘ttlttttltit
950 365 1305 534 ltt‘ttltltact

227 533 480 682 plmgl'esg'rmge,
499 609 690 670 cosmiden-ete.
721 605 843 668 Videtur
861 625 927 688 pers
1013 605 1159 668 historiam
1175 605 1307 688 liberationis

172 749 175 758 ,
228 706 287 768 qua
306 693 425 746 testatus
444 687 536 748 inerat
555 687 645 760 Deus,
665 705 697 747 se
716 689 856 770 optimum
876 691 906 746 et
923 686 944 746 fi
964 686 1120 747 elissimum
1137 705 1195 750 esse
1210 697 1306 770 protecte

227 787 292 828 rem
310 765 454 826 Ecclesiae
472 785 553 827 suae:
579 773 613 827 nt
631 767 698 828 inde
717 771 816 848 petant
834 765 933 827 fideles
952 784 1032 826 erma
1051 772 1082 825 ct
1102 767 1173 826 vires
1190 773 1307 864 nupseris

226 845 428 906 tentationibus
454 865 640 927 quaecunque
658 848 688 906 in
708 851 855 928 posterum
873 851 1028 926 emergent.
1067 843 1179 906 Debmt
1195 865 1257 908 euru
1269 859 1308 910 ante

227 925 327 1008 ocules
348 925 428 988 nobis
448 928 554 988 versari
574 925 744 987 documenta
764 926 872 1007 gratiae
891 922 956 1000 Dei,
976 943 1051 1006 quac
1071 925 1163 1007 reipsa
1180 925 1307 989 exhibetis

225 1004 309 1066 nobis
334 1005 492 1078 servandis,
518 1013 551 1066 ut
573 1005 794 1087 promissionum
819 1003 905 1066 fidem
930 1005 1081 1144 'grammis
1101 1007 1200 1144 apphia
1216 1009 1308 1146 sandaptd

953 1104 1035 1144 erum
1057 1103 1126 1144 soce
1160 1103 1183 1144 ra
1263 1107 1269 1145 ι

129 1171 136 1198 ⁸
225 1167 382 1262 polentiam
401 1185 460 1224 nen
478 1167 628 1226 aestimant
648 1165 747 1246 quami
765 1182 818 1245 par
837 1171 911 1225 erate
935 1165 994 1225 ime
1019 1169 1114 1224 tetum
1138 1105 1308 1226 tusm'mlltn

224 1245 433 1326 ingratitudinis
457 1247 565 1325 arguit,
590 1246 657 1326 qnia
676 1245 726 1322 rite
750 1245 919 1304 centesimus
944 1245 1067 1324 quisque
1086 1245 1154 1304 s‘atis
1171 1242 1218 1304 sibi
1234 1243 1309 1305 iube

224 1323 355 1406 praesidii
378 1342 441 1384 esse
465 1327 606 1405 agnoscit:
636 1325 675 1384 ita
701 1325 863 1384 caecutiunt
893 1341 992 1384 omnes
1020 1322 1059 1383 ad
1088 1341 1175 1404 opera
1196 1321 1253 1398 ue,
1273 1326 1307 1384 ius

223 1410 327 1485 sponte
347 1403 484 1465 claudunt
502 1404 615 1466 oculose
635 1403 714 1484 qnod
732 1403 768 1463 ad
788 1401 989 1464 aedificandam
1008 1421 1111 1463 cerum
1130 1401 1211 1464 fidem
1226 1406 1309 1462 nasim

223 1484 340 1546 valeret.
360 1481 497 1544 Videmus
518 1489 550 1544 ut
569 1483 651 1544 multi
670 1483 801 1544 fortunae
820 1481 982 1544 adscribant
1001 1482 1081 1564 qued
1095 1480 1151 1544 Dei
1164 1482 1308 1564 providentiae

222 1562 341 1626 decebat
360 1563 434 1624 terre
454 1570 617 1644 acecptnmr
636 1561 683 1624 elii
702 1562 892 1642 imaginentur
910 1583 941 1622 se
957 1564 1074 1642 propria
1088 1562 1217 1624 industrie
1229 1562 1307 1642 adepte

222 1661 286 1704 esse
305 1641 442 1724 qraicqnid
456 1641 536 1704 Deus
556 1641 688 1704 contulit:
709 1641 756 1703 vel
775 1641 910 1722 quicquid
930 1638 965 1702 ab
985 1661 1020 1702 ee
1040 1641 1106 1702 sele
1126 1641 1307 1723 preiectenet,

186 1716 195 1748 ⁸
221 1723 395 1784 transierant
409 1719 445 1784 ad
460 1724 567 1784 medias
584 1739 697 1783 causare
712 1722 759 1782 alii
794 1741 891 1782 rersns
905 1728 1046 1802 stupeant.
1068 1719 1168 1800 Quare
1179 1741 1229 1781 nen
1240 1720 1306 1780 inin

222 1821 322 1869 omues
342 1803 470 1879 accersit,
489 1809 519 1863 et
537 1802 572 1862 ed
593 1801 749 1884 reputanda
763 1742 820 1861 tlei
836 1819 923 1882 opera
937 1801 1084 1862 hortatur:
1104 1801 1162 1862 acsi
1179 1798 1306 1862 dioentbe

221 1881 314 1943 mines
332 1882 397 1942 ideo
417 1903 475 1944 nen
494 1901 632 1964 reponere
651 1883 681 1942 in
702 1879 766 1941 Deo
785 1899 866 1962 spem
885 1881 997 1951 solutis,
1021 1882 1092 1962 quia
1111 1881 1158 1942 vel
1175 1881 1254 1961 ignari
1266 1885 1305 1938 sut

221 1961 270 2022 vel
289 1963 404 2042 maligni
427 1964 457 2022 in
481 1959 689 2022 considerandis
715 1962 774 2020 eius
799 1959 940 2042 operibns.
981 1958 1084 2039 Quum
1103 1979 1172 2021 vere
1193 1977 1305 2020 senem

222 2039 325 2122 dirigat
343 2043 504 2122 promiscue
524 2041 560 2102 ad
581 2061 679 2102 omnes
704 2039 862 2136 colligimus
885 2041 948 2120 pies
973 2060 1094 2137 guespae
1118 2047 1223 2136 torpere
1242 2036 1304 2098 etii·

166 2245 168 2250 .
220 2115 1302 2281 tti.⁶tt²trt¹ttttllt¹¹t.i⁰tttitt'ttdtstttlltmffltl

372 2221 401 2342 lt
420 2279 531 2359 vulgari
550 2297 631 2340 mere
650 2286 793 2360 operatur.
836 2277 985 2340 vastitates
1005 2299 1076 2360 erge
1096 2286 1125 2342 et
1143 2279 1195 2340 etia
1210 2275 1302 2338 minuta

217 2357 249 2420 in
268 2357 393 2418 medium
412 2361 557 2440 proponit,
575 2375 648 2440 quac
668 2378 767 2418 sensus
781 2359 928 2420 hominnm
942 2358 1088 2420 efficacius
1101 2365 1233 2420 mevenni.
1248 2353 1302 2434 Quoi

217 2440 349 2520 proxime
373 2441 515 2519 seqnitur,
537 2443 658 2502 Cessare
671 2441 753 2520 facit
768 2441 901 2522 prestio,
927 2440 950 2498 si
976 2438 1012 2498 de
1034 2439 1152 2520 speciali
1171 2437 1220 2498 Dei
1234 2434 1302 2496 amb

217 2519 347 2598 accipere
365 2517 465 2594 libeat,
489 2519 589 2580 referri
611 2525 707 2579 tamen
725 2517 763 2578 'ed
783 2519 860 2578 huuc
878 2517 964 2578 tinem
984 2517 1083 2596 debet,
1109 2525 1141 2580 ut
1163 2518 1229 2579 iden
1244 2513 1301 2574 ieie·

93 2635 96 2648 .
216 2601 317 2658 turum
335 2603 449 2680 tempus
468 2603 635 2680 exspectent
653 2597 761 2672 fideles,
781 2598 859 2679 qued
877 2599 936 2658 ism
954 2599 1153 2678 experimento
1171 2601 1300 2678 perspectu

215 2673 330 2737 habeut.
370 2675 409 2739 Et
427 2697 495 2740 sane
514 2679 627 2740 videtur
645 2675 798 2760 Propheta,
817 2674 932 2743 ex'nne
951 2684 1018 2738 actu
1036 2677 1181 2738 indefinite
1197 2671 1302 2738 ostendet

186 2784 193 2822 ¹
216 2775 305 2836 ‘lm
327 2753 563 2900 ”iilis-¹2⁰3?
583 2755 1301 2910 secerneremur

214 2855 459 2994 rpppsuspprpmm,
481 2907 580 2980 omnes
603 2937 656 3001 per
677 2882 821 2980 Iudaeam,
835 2916 916 2979 Deus
942 2916 1069 2992 sederet,
1093 2857 1216 2996 bellebec
1234 2901 1299 3002 putul

214 2995 350 3077 abigeret,
369 3018 404 3060 ae
421 3006 644 3064 consentaneum
664 3006 716 3076 est,
735 2995 912 3079 Prophetam
932 2998 1081 3058 occasione
1095 3003 1211 3078 sumpte,
1226 2989 1300 3052 lohet

213 3096 363 3140 revocasse
381 3079 411 3140 iu
430 3080 596 3140 memoriam
616 3097 703 3160 qnam
723 3097 808 3158 saepe
826 3075 907 3138 Deus
921 3077 1063 3138 maximos
1082 3077 1203 3138 bestium
1218 3075 1299 3134 meda

159 3167 161 3172 “
212 3155 351 3235 fregisset.
392 3157 511 3220 Οιιῐιιιιι
535 3157 651 3240 quidem
665 3165 731 3234 est,
755 3157 800 3218 his
822 3156 955 3239 epithetis
974 3155 1072 3218 Deum
1096 3156 1199 3230 emaci,
1223 3159 1248 3211 ut
1261 3155 1299 3207 tett

212 3236 320 3296 munde
339 3235 540 3312 thmultuante,
559 3258 659 3320 pacem
679 3239 715 3298 ab
734 3258 770 3300 ee
789 3255 943 3318 speremus.
1266 3309 1271 3323 .

292 3319 341 3378 li.
363 3323 509 3393 Quiescite
527 3329 556 3380 et
573 3328 751 3402 cognoscite.
771 3317 891 3378 Videtur
909 3319 967 3378 iam
986 3335 1147 3376 sermenem
1164 3311 1299 3400 peniteant

211 3402 379 3458 convertere
402 3397 439 3458 sd
462 3398 559 3458 hostes
583 3397 774 3479 pepulitDei,
798 3399 848 3478 qni
872 3397 994 3458 nocendi
1017 3395 1127 3456 libidini
1148 3393 1259 3454 audaeus
1273 3403 1297 3446 tr

211 3471 336 3556 dulgent,
357 3477 425 3558 quie
444 3478 518 3538 dum
533 3475 669 3540 exhibent
688 3473 793 3540 sanctis
811 3477 964 3552 molestias,
984 3474 1093 3536 bellom
1112 3494 1142 3536 se
1154 3473 1212 3534 Dee
1227 3467 1297 3530 intere

208 3557 530 3700 ”⁰lniiiiiildll'.
546 3577 614 3700 itt
628 3555 995 3698 attitulatis
1014 3549 1244 3696 isiullbll
1258 3561 1297 3640 i*

39 3797 42 3806 .
62 3773 63 3783 ,
94 3763 99 3772 .
206 3652 257 3774 lle
275 3675 398 3778 reirehet
408 3715 565 3799 Propheta:
585 3725 614 3780 et
633 3713 692 3858 rpu'e
711 3659 981 3799 plnspvehementiae
993 3676 1102 3775 ’hebeat
1120 3731 1215 3784 seme,
1253 3719 1295 3764 tum

205 3793 302 3874 ipsum
321 3795 486 3878 loquentem
505 3798 620 3894 indunt.
655 3797 723 3893 ubet
741 3803 841 3894 autem·
855 3797 950 3892 prime
970 3795 1122 3876 quiescere,
1142 3799 1173 3854 nt
1187 3809 1215 3850 se
1229 3783 1294 3879 neue

204 3877 733 4018 ttdtttttititb‘la
744 3874 1039 4018 dilatabit
1050 3867 1294 4034 billich&

138 4036 141 4044 ’
206 4033 242 4092 ab
257 4033 387 4096 hostibus
396 4034 541 4105 Ecclesiae
559 4037 657 4116 exigit,
677 4043 711 4097 nt
729 4037 842 4100 fervere
861 4035 974 4117 placate
994 4035 1097 4094 sentire
1114 4031 1234 4110 incipiant
1249 4037 1291 4120 etl?

205 4111 271 4174 Dee
291 4135 323 4176 se
342 4117 502 4198 confligere.
533 4113 664 4176 Similem
688 4117 748 4178 fere
767 4119 936 4178 seutentiam
956 4115 1105 4176 habuimus
1122 4109 1226 4172 Psalmo
1241 4101 1261 4196 is
1274 4121 1291 4156 o

205 4193 422 4258 contremiscite
440 4203 470 4258 ct
488 4216 526 4258 ne
545 4198 680 4276 peccetis:
705 4199 827 4276 cogitate
845 4197 874 4256 in
900 4194 1039 4258 debilibus
1058 4192 1167 4267 restris,
1188 4191 1213 4248 ct
1231 4179 1289 4276 altit

203 4272 323 4336 Summa
348 4283 407 4352 est,
436 4287 469 4338 ut
492 4277 616 4338 mundns
639 4275 762 4336 subactis
786 4275 957 4357 demitisque
985 4273 1149 4336 turbulentis
1174 4259 1289 4329 ellewlti

203 4351 268 4414 lleo
287 4353 388 4430 lsrael,
413 4377 500 4438 quam
519 4362 646 4422 mer'etm·
664 4358 785 4437 gloriam
804 4357 925 4434 tribuat,
949 4356 1028 4439 qued
1052 4356 1076 4416 si
1094 4354 1181 4414 furere
1196 4341 1288 4428 pergent,

291 4631 305 4666 Ι
