<?xml version="1.0" encoding="UTF-8"?>
<!DOCTYPE html PUBLIC "-//W3C//DTD XHTML 1.0 Transitional//EN"
    "http://www.w3.org/TR/xhtml1/DTD/xhtml1-transitional.dtd">
<html xmlns="http://www.w3.org/1999/xhtml" xml:lang="en" lang="en">
 <head>
  <title>
</title>
<meta http-equiv="Content-Type" content="text/html;charset=utf-8" />
  <meta name='ocr-system' content='tesseract 3.04.00' />
  <meta name='ocr-capabilities' content='ocr_page ocr_carea ocr_par ocr_line ocrx_word'/>
</head>
<body>
  <div class='ocr_page' id='page_1' title='image "./ioanniscalvinii03tholgoog_0065.png"; bbox 0 0 2854 4886; ppageno 0'>
   <div class='ocr_carea' id='block_1_1' title="bbox 1174 155 1312 201">
    <p class='ocr_par' dir='ltr' id='par_1_1' title="bbox 1174 155 1312 201">
     <span class='ocr_line' id='line_1_1' title="bbox 1174 155 1312 201; baseline 0 -9"><span class='ocrx_word' id='word_1_1' title='bbox 1174 181 1186 201; x_wconf 83' lang='grc'><strong>,-</strong></span> <span class='ocrx_word' id='word_1_2' title='bbox 1298 155 1312 192; x_wconf 67' lang='grc' dir='ltr'>ἱ</span> 
     </span>
    </p>
   </div>
   <div class='ocr_carea' id='block_1_2' title="bbox 154 249 868 312">
    <p class='ocr_par' dir='ltr' id='par_1_2' title="bbox 154 249 868 312">
     <span class='ocr_line' id='line_1_2' title="bbox 154 249 868 312; baseline -0.001 -19"><span class='ocrx_word' id='word_1_3' title='bbox 154 249 191 312; x_wconf 67' lang='lat' dir='ltr'><strong>ag</strong></span> <span class='ocrx_word' id='word_1_4' title='bbox 580 251 598 292; x_wconf 85' lang='lat' dir='ltr'><strong>r.</strong></span> <span class='ocrx_word' id='word_1_5' title='bbox 627 251 868 294; x_wconf 79' lang='lat' dir='ltr'><strong>enarrans</strong></span> 
     </span>
    </p>
   </div>
   <div class='ocr_carea' id='block_1_3' title="bbox 156 319 1420 539">
    <p class='ocr_par' dir='ltr' id='par_1_3' title="bbox 156 319 1420 539">
     <span class='ocr_line' id='line_1_3' title="bbox 156 319 1420 516; baseline 0 -76"><span class='ocrx_word' id='word_1_6' title='bbox 156 375 289 442; x_wconf 76' lang='lat' dir='ltr'><strong>subtura</strong></span> <span class='ocrx_word' id='word_1_7' title='bbox 302 376 434 516; x_wconf 61' lang='lat' dir='ltr'><strong>puellm</strong></span> <span class='ocrx_word' id='word_1_8' title='bbox 457 391 519 438; x_wconf 84' lang='lat' dir='ltr'><strong>esse</strong></span> <span class='ocrx_word' id='word_1_9' title='bbox 544 394 603 436; x_wconf 89' lang='lat' dir='ltr'><strong>non</strong></span> <span class='ocrx_word' id='word_1_10' title='bbox 618 323 734 452; x_wconf 84' lang='lat' dir='ltr'><strong>dubito‘,</strong></span> <span class='ocrx_word' id='word_1_11' title='bbox 756 375 815 436; x_wconf 84' lang='lat' dir='ltr'><strong>sesi</strong></span> <span class='ocrx_word' id='word_1_12' title='bbox 835 319 954 441; x_wconf 71' lang='lat' dir='ltr'><strong>dixiadet</strong></span> <span class='ocrx_word' id='word_1_13' title='bbox 967 374 1122 514; x_wconf 64' lang='lat' dir='ltr'><strong>Propheta,</strong></span> <span class='ocrx_word' id='word_1_14' title='bbox 1142 397 1199 460; x_wconf 89' lang='lat' dir='ltr'><strong>pro</strong></span> <span class='ocrx_word' id='word_1_15' title='bbox 1217 377 1299 442; x_wconf 83' lang='lat' dir='ltr'><strong>belli·</strong></span> <span class='ocrx_word' id='word_1_16' title='bbox 1419 404 1420 407; x_wconf 41' lang='lat'>¹</span> 
     </span>
     <span class='ocr_line' id='line_1_4' title="bbox 156 453 1299 539; baseline 0.002 -21"><span class='ocrx_word' id='word_1_17' title='bbox 156 459 231 521; x_wconf 84' lang='lat' dir='ltr'><strong>cosia</strong></span> <span class='ocrx_word' id='word_1_18' title='bbox 252 463 284 522; x_wconf 83' lang='lat' dir='ltr'><strong>at</strong></span> <span class='ocrx_word' id='word_1_19' title='bbox 324 457 391 516; x_wconf 89' lang='lat' dir='ltr'><strong>rmis</strong></span> <span class='ocrx_word' id='word_1_20' title='bbox 410 453 513 537; x_wconf 87' lang='lat' dir='ltr'><strong>copiis,</strong></span> <span class='ocrx_word' id='word_1_21' title='bbox 538 463 691 536; x_wconf 83' lang='lat' dir='ltr'><strong>puerorum</strong></span> <span class='ocrx_word' id='word_1_22' title='bbox 711 475 762 516; x_wconf 87' lang='lat' dir='ltr'><strong>ora</strong></span> <span class='ocrx_word' id='word_1_23' title='bbox 774 455 838 516; x_wconf 90' lang='lat' dir='ltr'><strong>Deo</strong></span> <span class='ocrx_word' id='word_1_24' title='bbox 857 455 894 516; x_wconf 89' lang='lat' dir='ltr'><strong>ad</strong></span> <span class='ocrx_word' id='word_1_25' title='bbox 913 455 1019 537; x_wconf 89' lang='lat' dir='ltr'><strong>perden</strong></span> <span class='ocrx_word' id='word_1_26' title='bbox 1040 477 1073 516; x_wconf 86' lang='lat' dir='ltr'><strong>os</strong></span> <span class='ocrx_word' id='word_1_27' title='bbox 1093 459 1198 539; x_wconf 87' lang='lat' dir='ltr'><strong>impios</strong></span> <span class='ocrx_word' id='word_1_28' title='bbox 1217 459 1299 520; x_wconf 82' lang='lat' dir='ltr'><strong>suffi-</strong></span> 
     </span>
    </p>
   </div>
   <div class='ocr_carea' id='block_1_4' title="bbox 155 533 1299 702">
    <p class='ocr_par' dir='ltr' id='par_1_4' title="bbox 155 533 1299 702">
     <span class='ocr_line' id='line_1_5' title="bbox 157 533 1299 619; baseline -0.003 -17"><span class='ocrx_word' id='word_1_29' title='bbox 157 557 231 602; x_wconf 81' lang='lat' dir='ltr'><strong>cere.</strong></span> <span class='ocrx_word' id='word_1_30' title='bbox 254 539 307 599; x_wconf 75' lang='lat' dir='ltr'><strong>Aa</strong></span> <span class='ocrx_word' id='word_1_31' title='bbox 321 536 559 618; x_wconf 68' lang='lat' dir='ltr'><strong>profligandum</strong></span> <span class='ocrx_word' id='word_1_32' title='bbox 580 535 612 596; x_wconf 94' lang='lat' dir='ltr'><strong>ln</strong></span> <span class='ocrx_word' id='word_1_33' title='bbox 630 535 719 609; x_wconf 79' lang='lat' dir='ltr'><strong>verbo</strong></span> <span class='ocrx_word' id='word_1_34' title='bbox 739 538 884 606; x_wconf 64' lang='lat' dir='ltr'><strong>ntnwtt-</strong></span> <span class='ocrx_word' id='word_1_35' title='bbox 895 536 1008 600; x_wconf 80' lang='lat' dir='ltr'><strong>variant</strong></span> <span class='ocrx_word' id='word_1_36' title='bbox 1022 533 1205 619; x_wconf 73' lang='lat' dir='ltr'><strong>luterpretes.</strong></span> <span class='ocrx_word' id='word_1_37' title='bbox 1225 536 1299 599; x_wconf 85' lang='lat' dir='ltr'><strong>Pro·</strong></span> 
     </span>
     <span class='ocr_line' id='line_1_6' title="bbox 155 613 1299 702; baseline 0 -24"><span class='ocrx_word' id='word_1_38' title='bbox 155 619 218 702; x_wconf 85' lang='lat' dir='ltr'><strong>pris</strong></span> <span class='ocrx_word' id='word_1_39' title='bbox 235 623 279 678; x_wconf 87' lang='lat' dir='ltr'><strong>est</strong></span> <span class='ocrx_word' id='word_1_40' title='bbox 288 615 382 676; x_wconf 82' lang='lat' dir='ltr'><strong>iacere</strong></span> <span class='ocrx_word' id='word_1_41' title='bbox 398 633 518 690; x_wconf 67' lang='lat' dir='ltr'><strong>msere,</strong></span> <span class='ocrx_word' id='word_1_42' title='bbox 537 633 605 676; x_wconf 87' lang='lat' dir='ltr'><strong>nam</strong></span> <span class='ocrx_word' id='word_1_43' title='bbox 619 617 706 675; x_wconf 87' lang='lat' dir='ltr'><strong>estin</strong></span> <span class='ocrx_word' id='word_1_44' title='bbox 721 617 919 696; x_wconf 87' lang='lat' dir='ltr'><strong>coniugatione</strong></span> <span class='ocrx_word' id='word_1_45' title='bbox 930 613 1029 698; x_wconf 87' lang='lat' dir='ltr'><strong>Hiphil</strong></span> <span class='ocrx_word' id='word_1_46' title='bbox 1044 623 1175 678; x_wconf 81' lang='lat' dir='ltr'><strong>aneuhn</strong></span> <span class='ocrx_word' id='word_1_47' title='bbox 1190 623 1299 692; x_wconf 67' lang='lat' dir='ltr'><strong>mv,</strong></span> 
     </span>
    </p>
   </div>
   <div class='ocr_carea' id='block_1_5' title="bbox 155 693 1302 1495">
    <p class='ocr_par' dir='ltr' id='par_1_5' title="bbox 155 693 1301 1017">
     <span class='ocr_line' id='line_1_7' title="bbox 197 693 1301 792; baseline -0.002 -34"><span class='ocrx_word' id='word_1_48' title='bbox 197 697 235 758; x_wconf 88' lang='lat' dir='ltr'><strong>od</strong></span> <span class='ocrx_word' id='word_1_49' title='bbox 249 713 360 758; x_wconf 74' lang='lat' dir='ltr'><strong>oeasare</strong></span> <span class='ocrx_word' id='word_1_50' title='bbox 374 693 520 776; x_wconf 83' lang='lat' dir='ltr'><strong>significat.</strong></span> <span class='ocrx_word' id='word_1_51' title='bbox 544 693 604 754; x_wconf 88' lang='lat' dir='ltr'><strong>Sed</strong></span> <span class='ocrx_word' id='word_1_52' title='bbox 621 693 817 792; x_wconf 84' lang='lat' dir='ltr'><strong>metaphorice</strong></span> <span class='ocrx_word' id='word_1_53' title='bbox 833 695 1005 776; x_wconf 85' lang='lat' dir='ltr'><strong>plerumque</strong></span> <span class='ocrx_word' id='word_1_54' title='bbox 1020 697 1144 756; x_wconf 86' lang='lat' dir='ltr'><strong>tumitur</strong></span> <span class='ocrx_word' id='word_1_55' title='bbox 1157 712 1212 778; x_wconf 85' lang='lat' dir='ltr'><strong>pro</strong></span> <span class='ocrx_word' id='word_1_56' title='bbox 1227 695 1301 758; x_wconf 87' lang='lat' dir='ltr'><strong>Per-</strong></span> 
     </span>
     <span class='ocr_line' id='line_1_8' title="bbox 156 719 1301 856; baseline 0 -17"><span class='ocrx_word' id='word_1_57' title='bbox 156 719 224 840; x_wconf 58' lang='grc' dir='ltr'><strong>ἳνα</strong></span> <span class='ocrx_word' id='word_1_58' title='bbox 242 775 291 836; x_wconf 81' lang='lat' dir='ltr'><strong>rel</strong></span> <span class='ocrx_word' id='word_1_59' title='bbox 309 774 436 856; x_wconf 82' lang='lat' dir='ltr'><strong>redigere</strong></span> <span class='ocrx_word' id='word_1_60' title='bbox 454 775 484 834; x_wconf 91' lang='lat' dir='ltr'><strong>in</strong></span> <span class='ocrx_word' id='word_1_61' title='bbox 498 773 633 835; x_wconf 81' lang='lat' dir='ltr'><strong>nihilum:</strong></span> <span class='ocrx_word' id='word_1_62' title='bbox 654 794 722 854; x_wconf 89' lang='lat' dir='ltr'><strong>qura</strong></span> <span class='ocrx_word' id='word_1_63' title='bbox 737 775 867 836; x_wconf 84' lang='lat' dir='ltr'><strong>interitus</strong></span> <span class='ocrx_word' id='word_1_64' title='bbox 881 773 969 835; x_wconf 88' lang='lat' dir='ltr'><strong>linem</strong></span> <span class='ocrx_word' id='word_1_65' title='bbox 984 775 1078 836; x_wconf 79' lang='lat' dir='ltr'><strong>affert.</strong></span> <span class='ocrx_word' id='word_1_66' title='bbox 1097 773 1157 838; x_wconf 79' lang='lat' dir='ltr'><strong>Alit</strong></span> <span class='ocrx_word' id='word_1_67' title='bbox 1171 782 1301 850; x_wconf 70' lang='lat' dir='ltr'><strong>retunt</strong></span> 
     </span>
     <span class='ocr_line' id='line_1_9' title="bbox 155 853 1300 938; baseline 0 -20"><span class='ocrx_word' id='word_1_68' title='bbox 155 856 196 918; x_wconf 90' lang='lat' dir='ltr'><strong>Ut</strong></span> <span class='ocrx_word' id='word_1_69' title='bbox 215 873 394 937; x_wconf 82' lang='lat' dir='ltr'><strong>compescas:</strong></span> <span class='ocrx_word' id='word_1_70' title='bbox 414 855 496 935; x_wconf 88' lang='lat' dir='ltr'><strong>quasi</strong></span> <span class='ocrx_word' id='word_1_71' title='bbox 515 853 687 934; x_wconf 72' lang='lat' dir='ltr'><strong>intelligeret</strong></span> <span class='ocrx_word' id='word_1_72' title='bbox 698 853 793 914; x_wconf 83' lang='lat' dir='ltr'><strong>David</strong></span> <span class='ocrx_word' id='word_1_73' title='bbox 812 854 954 914; x_wconf 87' lang='lat' dir='ltr'><strong>silentium</strong></span> <span class='ocrx_word' id='word_1_74' title='bbox 974 855 1030 916; x_wconf 92' lang='lat' dir='ltr'><strong>illis</strong></span> <span class='ocrx_word' id='word_1_75' title='bbox 1050 857 1169 938; x_wconf 90' lang='lat' dir='ltr'><strong>imponi,</strong></span> <span class='ocrx_word' id='word_1_76' title='bbox 1189 861 1222 916; x_wconf 88' lang='lat' dir='ltr'><strong>ut</strong></span> <span class='ocrx_word' id='word_1_77' title='bbox 1237 875 1300 918; x_wconf 82' lang='lat' dir='ltr'><strong>ma·</strong></span> 
     </span>
     <span class='ocr_line' id='line_1_10' title="bbox 156 933 1301 1017; baseline -0.001 -18"><span class='ocrx_word' id='word_1_78' title='bbox 156 937 278 999; x_wconf 86' lang='lat' dir='ltr'><strong>indicere</strong></span> <span class='ocrx_word' id='word_1_79' title='bbox 297 933 527 1016; x_wconf 78' lang='lat' dir='ltr'><strong>rel-obstrepere</strong></span> <span class='ocrx_word' id='word_1_80' title='bbox 545 934 683 996; x_wconf 81' lang='lat' dir='ltr'><strong>desinant</strong></span> <span class='ocrx_word' id='word_1_81' title='bbox 709 933 769 994; x_wconf 89' lang='lat' dir='ltr'><strong>Sed</strong></span> <span class='ocrx_word' id='word_1_82' title='bbox 787 935 854 1014; x_wconf 89' lang='lat' dir='ltr'><strong>quia</strong></span> <span class='ocrx_word' id='word_1_83' title='bbox 873 934 909 994; x_wconf 90' lang='lat' dir='ltr'><strong>ad</strong></span> <span class='ocrx_word' id='word_1_84' title='bbox 928 933 1032 996; x_wconf 89' lang='lat' dir='ltr'><strong>hostile</strong></span> <span class='ocrx_word' id='word_1_85' title='bbox 1071 935 1193 998; x_wconf 80' lang='lat' dir='ltr'><strong>ruolium</strong></span> <span class='ocrx_word' id='word_1_86' title='bbox 1212 935 1301 1017; x_wconf 86' lang='lat' dir='ltr'><strong>plena</strong></span> 
     </span>
    </p>

    <p class='ocr_par' dir='ltr' id='par_1_6' title="bbox 155 953 1302 1495">
     <span class='ocr_line' id='line_1_11' title="bbox 205 953 1300 1095; baseline -0.001 -18"><span class='ocrx_word' id='word_1_87' title='bbox 205 1019 261 1078; x_wconf 85' lang='lat' dir='ltr'><strong>tiae</strong></span> <span class='ocrx_word' id='word_1_88' title='bbox 280 1015 382 1076; x_wconf 83' lang='lat' dir='ltr'><strong>allusio</strong></span> <span class='ocrx_word' id='word_1_89' title='bbox 401 1020 446 1076; x_wconf 80' lang='lat' dir='ltr'><strong>ssa</strong></span> <span class='ocrx_word' id='word_1_90' title='bbox 463 1015 494 1074; x_wconf 93' lang='lat' dir='ltr'><strong>in</strong></span> <span class='ocrx_word' id='word_1_91' title='bbox 514 1012 570 1074; x_wconf 82' lang='lat' dir='ltr'><strong>hoo</strong></span> <span class='ocrx_word' id='word_1_92' title='bbox 590 1013 654 1074; x_wconf 89' lang='lat' dir='ltr'><strong>loco</strong></span> <span class='ocrx_word' id='word_1_93' title='bbox 675 1017 728 1092; x_wconf 88' lang='lat' dir='ltr'><strong>(ut</strong></span> <span class='ocrx_word' id='word_1_94' title='bbox 747 1033 840 1095; x_wconf 87' lang='lat' dir='ltr'><strong>nuper</strong></span> <span class='ocrx_word' id='word_1_95' title='bbox 858 1015 993 1095; x_wconf 75' lang='lat' dir='ltr'>exposui)</span> <span class='ocrx_word' id='word_1_96' title='bbox 1013 953 1085 1074; x_wconf 72' lang='lat' dir='ltr'><strong>mihi</strong></span> <span class='ocrx_word' id='word_1_97' title='bbox 1103 1013 1225 1078; x_wconf 81' lang='lat' dir='ltr'><strong>verbum</strong></span> <span class='ocrx_word' id='word_1_98' title='bbox 1243 1017 1300 1076; x_wconf 83' lang='lat' dir='ltr'><strong>uni-</strong></span> 
     </span>
     <span class='ocr_line' id='line_1_12' title="bbox 167 1093 1302 1176; baseline -0.002 -18"><span class='ocrx_word' id='word_1_99' title='bbox 167 1099 237 1158; x_wconf 87' lang='lat' dir='ltr'><strong>&#39;tare</strong></span> <span class='ocrx_word' id='word_1_100' title='bbox 255 1095 373 1176; x_wconf 84' lang='lat' dir='ltr'><strong>placuit,</strong></span> <span class='ocrx_word' id='word_1_101' title='bbox 391 1093 440 1156; x_wconf 86' lang='lat' dir='ltr'><strong>Ad</strong></span> <span class='ocrx_word' id='word_1_102' title='bbox 458 1095 675 1176; x_wconf 85' lang='lat' dir='ltr'><strong>profligandum.</strong></span> <span class='ocrx_word' id='word_1_103' title='bbox 705 1093 764 1154; x_wconf 88' lang='lat' dir='ltr'><strong>Sed</strong></span> <span class='ocrx_word' id='word_1_104' title='bbox 783 1095 929 1174; x_wconf 85' lang='lat' dir='ltr'><strong>quaeritur</strong></span> <span class='ocrx_word' id='word_1_105' title='bbox 947 1094 1093 1174; x_wconf 89' lang='lat' dir='ltr'><strong>quomodo</strong></span> <span class='ocrx_word' id='word_1_106' title='bbox 1113 1093 1211 1156; x_wconf 84' lang='lat' dir='ltr'><strong>hastas</strong></span> <span class='ocrx_word' id='word_1_107' title='bbox 1229 1113 1302 1156; x_wconf 88' lang='lat' dir='ltr'><strong>suns</strong></span> 
     </span>
     <span class='ocr_line' id='line_1_13' title="bbox 175 1173 1302 1256; baseline -0.002 -18"><span class='ocrx_word' id='word_1_108' title='bbox 175 1178 289 1256; x_wconf 88' lang='lat' dir='ltr'><strong>rolliget</strong></span> <span class='ocrx_word' id='word_1_109' title='bbox 307 1173 403 1248; x_wconf 86' lang='lat' dir='ltr'><strong>Deua,</strong></span> <span class='ocrx_word' id='word_1_110' title='bbox 427 1193 553 1254; x_wconf 88' lang='lat' dir='ltr'><strong>quorum</strong></span> <span class='ocrx_word' id='word_1_111' title='bbox 578 1174 715 1256; x_wconf 78' lang='lat' dir='ltr'><strong>sacrdega</strong></span> <span class='ocrx_word' id='word_1_112' title='bbox 739 1173 896 1254; x_wconf 70' lang='lat' dir='ltr'><strong>petulantia</strong></span> <span class='ocrx_word' id='word_1_113' title='bbox 920 1173 1062 1234; x_wconf 80' lang='lat' dir='ltr'><strong>violenter</strong></span> <span class='ocrx_word' id='word_1_114' title='bbox 1079 1181 1181 1236; x_wconf 84' lang='lat' dir='ltr'><strong>eontra</strong></span> <span class='ocrx_word' id='word_1_115' title='bbox 1200 1176 1302 1236; x_wconf 85' lang='lat' dir='ltr'><strong>emnia</strong></span> 
     </span>
     <span class='ocr_line' id='line_1_14' title="bbox 155 1199 1302 1336; baseline -0.002 -18"><span class='ocrx_word' id='word_1_116' title='bbox 155 1199 281 1318; x_wconf 66' lang='lat' dir='ltr'><strong>hirtum</strong></span> <span class='ocrx_word' id='word_1_117' title='bbox 300 1254 495 1336; x_wconf 83' lang='lat' dir='ltr'><strong>providentiae</strong></span> <span class='ocrx_word' id='word_1_118' title='bbox 514 1253 646 1334; x_wconf 84' lang='lat' dir='ltr'><strong>exempla</strong></span> <span class='ocrx_word' id='word_1_119' title='bbox 665 1253 823 1334; x_wconf 72' lang='lat' dir='ltr'><strong>impingere</strong></span> <span class='ocrx_word' id='word_1_120' title='bbox 840 1273 900 1314; x_wconf 88' lang='lat' dir='ltr'><strong>non</strong></span> <span class='ocrx_word' id='word_1_121' title='bbox 915 1259 1015 1314; x_wconf 84' lang='lat' dir='ltr'><strong>cessat.</strong></span> <span class='ocrx_word' id='word_1_122' title='bbox 1035 1249 1218 1336; x_wconf 88' lang='lat' dir='ltr'><strong>Respondeo,</strong></span> <span class='ocrx_word' id='word_1_123' title='bbox 1237 1255 1302 1316; x_wconf 81' lang='lat' dir='ltr'><strong>nhn</strong></span> 
     </span>
     <span class='ocr_line' id='line_1_15' title="bbox 155 1333 1299 1420; baseline -0.003 -21"><span class='ocrx_word' id='word_1_124' title='bbox 155 1357 210 1420; x_wconf 84' lang='lat' dir='ltr'><strong>pao</strong></span> <span class='ocrx_word' id='word_1_125' title='bbox 233 1337 240 1354; x_wconf 81' lang='lat'>‘</span> <span class='ocrx_word' id='word_1_126' title='bbox 260 1337 303 1396; x_wconf 84' lang='lat' dir='ltr'><strong>ari</strong></span> <span class='ocrx_word' id='word_1_127' title='bbox 322 1334 401 1414; x_wconf 89' lang='lat' dir='ltr'><strong>quod</strong></span> <span class='ocrx_word' id='word_1_128' title='bbox 419 1333 457 1394; x_wconf 91' lang='lat' dir='ltr'><strong>ad</strong></span> <span class='ocrx_word' id='word_1_129' title='bbox 476 1333 645 1394; x_wconf 72' lang='lat' dir='ltr'><strong>modestiam</strong></span> <span class='ocrx_word' id='word_1_130' title='bbox 664 1341 818 1414; x_wconf 79' lang='lat' dir='ltr'><strong>cogantur:</strong></span> <span class='ocrx_word' id='word_1_131' title='bbox 844 1333 894 1394; x_wconf 86' lang='lat' dir='ltr'><strong>sed</strong></span> <span class='ocrx_word' id='word_1_132' title='bbox 914 1334 983 1413; x_wconf 89' lang='lat' dir='ltr'><strong>quia</strong></span> <span class='ocrx_word' id='word_1_133' title='bbox 1002 1353 1068 1394; x_wconf 86' lang='lat' dir='ltr'><strong>cnm</strong></span> <span class='ocrx_word' id='word_1_134' title='bbox 1087 1335 1147 1394; x_wconf 88' lang='lat' dir='ltr'><strong>suis</strong></span> <span class='ocrx_word' id='word_1_135' title='bbox 1167 1333 1299 1416; x_wconf 67' lang='lat' dir='ltr'><strong>blaphe-</strong></span> 
     </span>
     <span class='ocr_line' id='line_1_16' title="bbox 156 1411 1301 1495; baseline -0.003 -16"><span class='ocrx_word' id='word_1_136' title='bbox 156 1419 221 1479; x_wconf 85' lang='lat' dir='ltr'><strong>ntiis</strong></span> <span class='ocrx_word' id='word_1_137' title='bbox 244 1422 275 1475; x_wconf 89' lang='lat' dir='ltr'><strong>et</strong></span> <span class='ocrx_word' id='word_1_138' title='bbox 293 1416 395 1475; x_wconf 88' lang='lat' dir='ltr'><strong>canino</strong></span> <span class='ocrx_word' id='word_1_139' title='bbox 415 1414 522 1474; x_wconf 90' lang='lat' dir='ltr'><strong>latratu</strong></span> <span class='ocrx_word' id='word_1_140' title='bbox 540 1415 662 1494; x_wconf 79' lang='lat' dir='ltr'><strong>turpiter</strong></span> <span class='ocrx_word' id='word_1_141' title='bbox 680 1412 791 1473; x_wconf 82' lang='lat' dir='ltr'><strong>contusi</strong></span> <span class='ocrx_word' id='word_1_142' title='bbox 810 1413 913 1474; x_wconf 88' lang='lat' dir='ltr'><strong>iacent.</strong></span> <span class='ocrx_word' id='word_1_143' title='bbox 949 1411 1070 1474; x_wconf 89' lang='lat' dir='ltr'><strong>Summa</strong></span> <span class='ocrx_word' id='word_1_144' title='bbox 1089 1421 1148 1486; x_wconf 85' lang='lat' dir='ltr'><strong>est,</strong></span> <span class='ocrx_word' id='word_1_145' title='bbox 1167 1432 1185 1474; x_wconf 91' lang='lat' dir='ltr'><strong>a</strong></span> <span class='ocrx_word' id='word_1_146' title='bbox 1204 1415 1301 1495; x_wconf 80' lang='lat' dir='ltr'><strong>prinas</strong></span> 
     </span>
    </p>
   </div>
   <div class='ocr_carea' id='block_1_6' title="bbox 155 1487 1421 1577">
    <p class='ocr_par' dir='ltr' id='par_1_7' title="bbox 155 1487 1421 1577">
     <span class='ocr_line' id='line_1_17' title="bbox 155 1487 1421 1577; baseline -0.009 -18"><span class='ocrx_word' id='word_1_147' title='bbox 155 1495 292 1558; x_wconf 79' lang='lat' dir='ltr'><strong>hominis</strong></span> <span class='ocrx_word' id='word_1_148' title='bbox 305 1487 487 1577; x_wconf 71' lang='lat' dir='ltr'><strong>generatione</strong></span> <span class='ocrx_word' id='word_1_149' title='bbox 509 1493 557 1553; x_wconf 84' lang='lat' dir='ltr'><strong>rel</strong></span> <span class='ocrx_word' id='word_1_150' title='bbox 589 1498 695 1553; x_wconf 81' lang='lat' dir='ltr'><strong>exortu</strong></span> <span class='ocrx_word' id='word_1_151' title='bbox 718 1493 758 1553; x_wconf 86' lang='lat' dir='ltr'><strong>ita</strong></span> <span class='ocrx_word' id='word_1_152' title='bbox 781 1493 968 1574; x_wconf 87' lang='lat' dir='ltr'><strong>conspicuum</strong></span> <span class='ocrx_word' id='word_1_153' title='bbox 982 1511 1056 1554; x_wconf 82' lang='lat' dir='ltr'><strong>esse</strong></span> <span class='ocrx_word' id='word_1_154' title='bbox 1080 1490 1203 1558; x_wconf 86' lang='lat' dir='ltr'><strong>Divinae</strong></span> <span class='ocrx_word' id='word_1_155' title='bbox 1228 1513 1305 1574; x_wconf 69' lang='lat' dir='ltr'><strong>pro..</strong></span> <span class='ocrx_word' id='word_1_156' title='bbox 1420 1499 1421 1564; x_wconf 54' lang='grc' dir='ltr'><em>ξ</em></span> 
     </span>
    </p>
   </div>
   <div class='ocr_carea' id='block_1_7' title="bbox 156 1569 1421 1734">
    <p class='ocr_par' dir='ltr' id='par_1_8' title="bbox 156 1569 1421 1734">
     <span class='ocr_line' id='line_1_18' title="bbox 156 1569 1421 1654; baseline -0.002 -18"><span class='ocrx_word' id='word_1_157' title='bbox 156 1575 299 1636; x_wconf 85' lang='lat' dir='ltr'><strong>videntiae</strong></span> <span class='ocrx_word' id='word_1_158' title='bbox 318 1573 468 1654; x_wconf 76' lang='lat' dir='ltr'><strong>tulganem,</strong></span> <span class='ocrx_word' id='word_1_159' title='bbox 487 1579 521 1632; x_wconf 90' lang='lat' dir='ltr'><strong>ut</strong></span> <span class='ocrx_word' id='word_1_160' title='bbox 539 1569 661 1632; x_wconf 79' lang='lat' dir='ltr'><strong>inientes</strong></span> <span class='ocrx_word' id='word_1_161' title='bbox 681 1591 699 1632; x_wconf 93' lang='lat' dir='ltr'><strong>a</strong></span> <span class='ocrx_word' id='word_1_162' title='bbox 718 1578 843 1636; x_wconf 85' lang='lat' dir='ltr'><strong>matrum</strong></span> <span class='ocrx_word' id='word_1_163' title='bbox 861 1571 997 1633; x_wconf 88' lang='lat' dir='ltr'><strong>uberibus</strong></span> <span class='ocrx_word' id='word_1_164' title='bbox 1015 1573 1179 1653; x_wconf 83' lang='lat' dir='ltr'><strong>pendentes,</strong></span> <span class='ocrx_word' id='word_1_165' title='bbox 1196 1591 1298 1634; x_wconf 77' lang='lat' dir='ltr'><strong>corun</strong></span> <span class='ocrx_word' id='word_1_166' title='bbox 1420 1627 1421 1642; x_wconf 65' lang='grc'>,</span> 
     </span>
     <span class='ocr_line' id='line_1_19' title="bbox 156 1651 1421 1734; baseline -0.002 -18"><span class='ocrx_word' id='word_1_167' title='bbox 156 1655 285 1716; x_wconf 82' lang='lat' dir='ltr'><strong>furerem</strong></span> <span class='ocrx_word' id='word_1_168' title='bbox 304 1657 499 1734; x_wconf 77' lang='lat' dir='ltr'><strong>prosternant:</strong></span> <span class='ocrx_word' id='word_1_169' title='bbox 519 1653 586 1731; x_wconf 87' lang='lat' dir='ltr'><strong>quia</strong></span> <span class='ocrx_word' id='word_1_170' title='bbox 606 1652 713 1712; x_wconf 88' lang='lat' dir='ltr'><strong>etiamsi</strong></span> <span class='ocrx_word' id='word_1_171' title='bbox 727 1653 835 1714; x_wconf 84' lang='lat' dir='ltr'><strong>centies</strong></span> <span class='ocrx_word' id='word_1_172' title='bbox 848 1657 974 1733; x_wconf 77' lang='lat' dir='ltr'><strong>crepent,</strong></span> <span class='ocrx_word' id='word_1_173' title='bbox 993 1651 1100 1712; x_wconf 81' lang='lat' dir='ltr'><strong>frustra</strong></span> <span class='ocrx_word' id='word_1_174' title='bbox 1115 1651 1203 1714; x_wconf 88' lang='lat' dir='ltr'><strong>robur</strong></span> <span class='ocrx_word' id='word_1_175' title='bbox 1217 1651 1297 1734; x_wconf 83' lang='lat' dir='ltr'><strong>quod</strong></span> <span class='ocrx_word' id='word_1_176' title='bbox 1420 1657 1421 1714; x_wconf 63' lang='grc' dir='ltr'>ζ</span> 
     </span>
    </p>
   </div>
   <div class='ocr_carea' id='block_1_8' title="bbox 140 1727 1421 1890">
    <p class='ocr_par' dir='ltr' id='par_1_9' title="bbox 140 1727 1421 1890">
     <span class='ocr_line' id='line_1_20' title="bbox 140 1727 1421 1812; baseline -0.002 -16"><span class='ocrx_word' id='word_1_177' title='bbox 140 1727 188 1796; x_wconf 60' lang='lat' dir='ltr'><strong>‘in</strong></span> <span class='ocrx_word' id='word_1_178' title='bbox 212 1735 261 1794; x_wconf 89' lang='lat' dir='ltr'><strong>illa</strong></span> <span class='ocrx_word' id='word_1_179' title='bbox 284 1729 428 1792; x_wconf 88' lang='lat' dir='ltr'><strong>debilitate</strong></span> <span class='ocrx_word' id='word_1_180' title='bbox 447 1749 479 1790; x_wconf 84' lang='lat' dir='ltr'><strong>sa</strong></span> <span class='ocrx_word' id='word_1_181' title='bbox 498 1731 621 1812; x_wconf 76' lang='lat' dir='ltr'><strong>profert,</strong></span> <span class='ocrx_word' id='word_1_182' title='bbox 645 1729 810 1792; x_wconf 72' lang='lat' dir='ltr'><strong>schvemere</strong></span> <span class='ocrx_word' id='word_1_183' title='bbox 834 1732 973 1791; x_wconf 87' lang='lat' dir='ltr'><strong>nituntur.</strong></span> <span class='ocrx_word' id='word_1_184' title='bbox 1004 1729 1180 1812; x_wconf 73' lang='lat' dir='ltr'><strong>Quanquam</strong></span> <span class='ocrx_word' id='word_1_185' title='bbox 1199 1737 1295 1792; x_wconf 75' lang='lat' dir='ltr'><strong>autea</strong></span> <span class='ocrx_word' id='word_1_186' title='bbox 1420 1775 1421 1794; x_wconf 53' lang='lat' dir='ltr'><strong>r</strong></span> 
     </span>
     <span class='ocr_line' id='line_1_21' title="bbox 156 1809 1421 1890; baseline -0.004 -15"><span class='ocrx_word' id='word_1_187' title='bbox 156 1813 189 1876; x_wconf 91' lang='lat' dir='ltr'><strong>in</strong></span> <span class='ocrx_word' id='word_1_188' title='bbox 207 1811 339 1874; x_wconf 89' lang='lat' dir='ltr'><strong>omnibns</strong></span> <span class='ocrx_word' id='word_1_189' title='bbox 358 1811 511 1872; x_wconf 72' lang='lat' dir='ltr'><strong>incredulis</strong></span> <span class='ocrx_word' id='word_1_190' title='bbox 528 1816 630 1890; x_wconf 88' lang='lat' dir='ltr'><strong>regnat</strong></span> <span class='ocrx_word' id='word_1_191' title='bbox 648 1811 801 1870; x_wconf 86' lang='lat' dir='ltr'><strong>ulciscendi</strong></span> <span class='ocrx_word' id='word_1_192' title='bbox 820 1810 916 1884; x_wconf 75' lang='lat' dir='ltr'><strong>libido,</strong></span> <span class='ocrx_word' id='word_1_193' title='bbox 936 1811 1020 1870; x_wconf 83' lang='lat' dir='ltr'><strong>aienti</strong></span> <span class='ocrx_word' id='word_1_194' title='bbox 1036 1809 1116 1873; x_wconf 81' lang='lat' dir='ltr'><strong>Deras</strong></span> <span class='ocrx_word' id='word_1_195' title='bbox 1135 1810 1209 1872; x_wconf 87' lang='lat' dir='ltr'><strong>lilios</strong></span> <span class='ocrx_word' id='word_1_196' title='bbox 1227 1829 1298 1872; x_wconf 87' lang='lat' dir='ltr'><strong>auos</strong></span> <span class='ocrx_word' id='word_1_197' title='bbox 1420 1809 1421 1822; x_wconf 61' lang='lat'>¹</span> 
     </span>
    </p>
   </div>
   <div class='ocr_carea' id='block_1_9' title="bbox 77 1889 1302 2145">
    <p class='ocr_par' dir='ltr' id='par_1_10' title="bbox 77 1889 1302 2145">
     <span class='ocr_line' id='line_1_22' title="bbox 141 1889 1302 2028; baseline -0.005 -72"><span class='ocrx_word' id='word_1_198' title='bbox 141 1891 381 1956; x_wconf 74' lang='lat' dir='ltr'><strong>mansneudtnts</strong></span> <span class='ocrx_word' id='word_1_199' title='bbox 401 1889 511 1971; x_wconf 88' lang='lat' dir='ltr'><strong>Spiritu</strong></span> <span class='ocrx_word' id='word_1_200' title='bbox 535 1895 621 2028; x_wconf 53' lang='lat' dir='ltr'><strong>rasstr</strong></span> <span class='ocrx_word' id='word_1_201' title='bbox 645 1891 742 1950; x_wconf 87' lang='lat' dir='ltr'><strong>tauien</strong></span> <span class='ocrx_word' id='word_1_202' title='bbox 761 1909 816 1971; x_wconf 89' lang='lat' dir='ltr'><strong>pro</strong></span> <span class='ocrx_word' id='word_1_203' title='bbox 835 1889 892 1952; x_wconf 87' lang='lat' dir='ltr'><strong>loci</strong></span> <span class='ocrx_word' id='word_1_204' title='bbox 910 1892 1067 1970; x_wconf 58' lang='lat' dir='ltr'><strong>mamantis</strong></span> <span class='ocrx_word' id='word_1_205' title='bbox 1086 1890 1302 1952; x_wconf 71' lang='lat' dir='ltr'><strong>dmumhutin</strong></span> 
     </span>
     <span class='ocr_line' id='line_1_23' title="bbox 157 1967 1301 2054; baseline -0.003 -20"><span class='ocrx_word' id='word_1_206' title='bbox 157 1973 216 2034; x_wconf 88' lang='lat' dir='ltr'><strong>hoc</strong></span> <span class='ocrx_word' id='word_1_207' title='bbox 234 1971 393 2054; x_wconf 85' lang='lat' dir='ltr'><strong>epithetum</strong></span> <span class='ocrx_word' id='word_1_208' title='bbox 407 1969 551 2052; x_wconf 86' lang='lat' dir='ltr'><strong>Propheta</strong></span> <span class='ocrx_word' id='word_1_209' title='bbox 613 1970 621 1986; x_wconf 83' lang='lat'>‘</span> <span class='ocrx_word' id='word_1_210' title='bbox 639 1969 883 2050; x_wconf 84' lang='lat' dir='ltr'><strong>contemptoribus</strong></span> <span class='ocrx_word' id='word_1_211' title='bbox 902 1969 1044 2043; x_wconf 85' lang='lat' dir='ltr'><strong>attribuit,</strong></span> <span class='ocrx_word' id='word_1_212' title='bbox 1064 1969 1116 2050; x_wconf 89' lang='lat' dir='ltr'><strong>qui</strong></span> <span class='ocrx_word' id='word_1_213' title='bbox 1134 1973 1194 2030; x_wconf 81' lang='lat' dir='ltr'><strong>non</strong></span> <span class='ocrx_word' id='word_1_214' title='bbox 1210 1967 1301 2043; x_wconf 81' lang='lat' dir='ltr'><strong>moda</strong></span> 
     </span>
     <span class='ocr_line' id='line_1_24' title="bbox 77 2047 1301 2145; baseline -0.003 -31"><span class='ocrx_word' id='word_1_215' title='bbox 77 2103 82 2120; x_wconf 75' lang='grc'><em>,</em></span> <span class='ocrx_word' id='word_1_216' title='bbox 157 2051 315 2114; x_wconf 80' lang='lat' dir='ltr'><strong>truculenti</strong></span> <span class='ocrx_word' id='word_1_217' title='bbox 339 2055 406 2110; x_wconf 90' lang='lat' dir='ltr'><strong>sunt</strong></span> <span class='ocrx_word' id='word_1_218' title='bbox 429 2049 623 2124; x_wconf 71' lang='lat' dir='ltr'><strong>inlumines,</strong></span> <span class='ocrx_word' id='word_1_219' title='bbox 646 2048 697 2110; x_wconf 85' lang='lat' dir='ltr'><strong>sed</strong></span> <span class='ocrx_word' id='word_1_220' title='bbox 717 2067 823 2110; x_wconf 85' lang='lat' dir='ltr'><strong>vesana</strong></span> <span class='ocrx_word' id='word_1_221' title='bbox 841 2048 919 2110; x_wconf 88' lang='lat' dir='ltr'><strong>rabie</strong></span> <span class='ocrx_word' id='word_1_222' title='bbox 938 2050 976 2110; x_wconf 89' lang='lat' dir='ltr'><strong>ad</strong></span> <span class='ocrx_word' id='word_1_223' title='bbox 997 2047 1093 2110; x_wconf 81' lang='lat' dir='ltr'><strong>ileum</strong></span> <span class='ocrx_word' id='word_1_224' title='bbox 1111 2067 1301 2145; x_wconf 70' lang='lat' dir='ltr'><strong>qunqueep·</strong></span> 
     </span>
    </p>
   </div>
   <div class='ocr_carea' id='block_1_10' title="bbox 44 2125 1421 2279">
    <p class='ocr_par' dir='ltr' id='par_1_11' title="bbox 44 2125 1421 2279">
     <span class='ocr_line' id='line_1_25' title="bbox 44 2125 1421 2237; baseline -0.001 -46"><span class='ocrx_word' id='word_1_225' title='bbox 44 2145 53 2156; x_wconf 77' lang='grc'><strong>“</strong></span> <span class='ocrx_word' id='word_1_226' title='bbox 157 2131 344 2232; x_wconf 80' lang='lat' dir='ltr'><strong>pugnandum</strong></span> <span class='ocrx_word' id='word_1_227' title='bbox 362 2128 471 2237; x_wconf 85' lang='lat' dir='ltr'><strong>ardent.</strong></span> <span class='ocrx_word' id='word_1_228' title='bbox 491 2125 581 2224; x_wconf 75' lang='lat' dir='ltr'><strong>Quod</strong></span> <span class='ocrx_word' id='word_1_229' title='bbox 599 2127 637 2188; x_wconf 91' lang='lat' dir='ltr'><strong>ad</strong></span> <span class='ocrx_word' id='word_1_230' title='bbox 655 2126 854 2224; x_wconf 71' lang='lat' dir='ltr'><strong>explicantem</strong></span> <span class='ocrx_word' id='word_1_231' title='bbox 868 2127 1031 2209; x_wconf 78' lang='lat' dir='ltr'><strong>Prophetae</strong></span> <span class='ocrx_word' id='word_1_232' title='bbox 1045 2137 1171 2190; x_wconf 74' lang='lat' dir='ltr'><strong>mmtarn</strong></span> <span class='ocrx_word' id='word_1_233' title='bbox 1187 2131 1300 2203; x_wconf 78' lang='lat' dir='ltr'><strong>attinet,</strong></span> <span class='ocrx_word' id='word_1_234' title='bbox 1420 2223 1421 2234; x_wconf 9' lang='grc' dir='ltr'>ἵ</span> 
     </span>
     <span class='ocr_line' id='line_1_26' title="bbox 156 2207 1300 2279; baseline -0.003 -6"><span class='ocrx_word' id='word_1_235' title='bbox 156 2232 215 2273; x_wconf 83' lang='lat' dir='ltr'><strong>ram</strong></span> <span class='ocrx_word' id='word_1_236' title='bbox 235 2209 386 2271; x_wconf 82' lang='lat' dir='ltr'><strong>deiuncttu</strong></span> <span class='ocrx_word' id='word_1_237' title='bbox 404 2227 470 2268; x_wconf 88' lang='lat' dir='ltr'><strong>snm</strong></span> <span class='ocrx_word' id='word_1_238' title='bbox 488 2207 538 2268; x_wconf 80' lang='lat' dir='ltr'><strong>hdr</strong></span> <span class='ocrx_word' id='word_1_239' title='bbox 557 2213 631 2268; x_wconf 86' lang='lat' dir='ltr'><strong>rnter</strong></span> <span class='ocrx_word' id='word_1_240' title='bbox 650 2214 718 2268; x_wconf 82' lang='lat' dir='ltr'><strong>retra</strong></span> <span class='ocrx_word' id='word_1_241' title='bbox 736 2207 842 2278; x_wconf 81' lang='lat' dir='ltr'><strong>efficta.</strong></span> <span class='ocrx_word' id='word_1_242' title='bbox 872 2207 999 2270; x_wconf 81' lang='lat' dir='ltr'><strong>Tantum</strong></span> <span class='ocrx_word' id='word_1_243' title='bbox 1018 2215 1200 2279; x_wconf 69' lang='lat' dir='ltr'><strong>resutnnus</strong></span> <span class='ocrx_word' id='word_1_244' title='bbox 1220 2225 1300 2270; x_wconf 83' lang='lat' dir='ltr'><strong>acra·</strong></span> 
     </span>
    </p>
   </div>
   <div class='ocr_carea' id='block_1_11' title="bbox 48 4276 384 4342">
    <p class='ocr_par' dir='ltr' id='par_1_12' title="bbox 48 4276 384 4342">
     <span class='ocr_line' id='line_1_27' title="bbox 48 4276 384 4342; baseline -0.009 1"><span class='ocrx_word' id='word_1_245' title='bbox 48 4307 51 4314; x_wconf 94' lang='lat'>·</span> <span class='ocrx_word' id='word_1_246' title='bbox 160 4276 384 4342; x_wconf 78' lang='lat' dir='ltr'><strong>mmaitcoali</strong></span> 
     </span>
    </p>
   </div>
   <div class='ocr_carea' id='block_1_12' title="bbox 157 2285 1301 2376">
    <p class='ocr_par' dir='ltr' id='par_1_13' title="bbox 157 2285 1301 2376">
     <span class='ocr_line' id='line_1_28' title="bbox 157 2285 1301 2376; baseline -0.004 -24"><span class='ocrx_word' id='word_1_247' title='bbox 157 2292 253 2376; x_wconf 88' lang='lat' dir='ltr'><strong>polus,</strong></span> <span class='ocrx_word' id='word_1_248' title='bbox 272 2291 340 2371; x_wconf 89' lang='lat' dir='ltr'><strong>qnia</strong></span> <span class='ocrx_word' id='word_1_249' title='bbox 355 2289 468 2350; x_wconf 73' lang='lat' dir='ltr'><strong>videtin</strong></span> <span class='ocrx_word' id='word_1_250' title='bbox 477 2285 609 2348; x_wconf 83' lang='lat' dir='ltr'><strong>Christus</strong></span> <span class='ocrx_word' id='word_1_251' title='bbox 650 2287 722 2348; x_wconf 87' lang='lat' dir='ltr'><strong>alth.</strong></span> <span class='ocrx_word' id='word_1_252' title='bbox 732 2289 825 2368; x_wconf 87' lang='lat' dir='ltr'><strong>capite</strong></span> <span class='ocrx_word' id='word_1_253' title='bbox 840 2292 889 2362; x_wconf 84' lang='lat' dir='ltr'><strong>at,</strong></span> <span class='ocrx_word' id='word_1_254' title='bbox 902 2290 948 2350; x_wconf 88' lang='lat'><strong>16.</strong></span> <span class='ocrx_word' id='word_1_255' title='bbox 963 2288 1157 2350; x_wconf 52' lang='lat' dir='ltr'><strong>&amp;limoniam</strong></span> <span class='ocrx_word' id='word_1_256' title='bbox 1171 2287 1229 2348; x_wconf 91' lang='lat' dir='ltr'><strong>hoe</strong></span> <span class='ocrx_word' id='word_1_257' title='bbox 1241 2287 1301 2348; x_wconf 81' lang='lat' dir='ltr'><strong>alio</strong></span> 
     </span>
    </p>
   </div>
   <div class='ocr_carea' id='block_1_13' title="bbox 157 2365 1421 2448">
    <p class='ocr_par' dir='ltr' id='par_1_14' title="bbox 157 2365 1421 2448">
     <span class='ocr_line' id='line_1_29' title="bbox 157 2365 1421 2448; baseline -0.01 -15"><span class='ocrx_word' id='word_1_258' title='bbox 157 2371 281 2442; x_wconf 69' lang='lat' dir='ltr'><strong>hahere,</strong></span> <span class='ocrx_word' id='word_1_259' title='bbox 301 2370 371 2430; x_wconf 86' lang='lat' dir='ltr'><strong>dum</strong></span> <span class='ocrx_word' id='word_1_260' title='bbox 388 2368 419 2430; x_wconf 94' lang='lat' dir='ltr'><strong>id</strong></span> <span class='ocrx_word' id='word_1_261' title='bbox 436 2367 475 2428; x_wconf 90' lang='lat' dir='ltr'><strong>ad</strong></span> <span class='ocrx_word' id='word_1_262' title='bbox 494 2385 599 2448; x_wconf 88' lang='lat' dir='ltr'><strong>pueros</strong></span> <span class='ocrx_word' id='word_1_263' title='bbox 619 2366 759 2430; x_wconf 82' lang='lat' dir='ltr'><strong>decennes</strong></span> <span class='ocrx_word' id='word_1_264' title='bbox 777 2368 982 2431; x_wconf 78' lang='lat' dir='ltr'><strong>accommodat</strong></span> <span class='ocrx_word' id='word_1_265' title='bbox 1007 2365 1066 2428; x_wconf 88' lang='lat' dir='ltr'><strong>Sed</strong></span> <span class='ocrx_word' id='word_1_266' title='bbox 1085 2367 1175 2428; x_wconf 82' lang='lat' dir='ltr'><strong>incilia</strong></span> <span class='ocrx_word' id='word_1_267' title='bbox 1193 2367 1300 2430; x_wconf 80' lang='lat' dir='ltr'><strong>soluho</strong></span> <span class='ocrx_word' id='word_1_268' title='bbox 1420 2387 1421 2420; x_wconf 77' lang='lat' dir='ltr'><strong>t</strong></span> 
     </span>
    </p>
   </div>
   <div class='ocr_carea' id='block_1_14' title="bbox 125 2445 1302 2770">
    <p class='ocr_par' dir='ltr' id='par_1_15' title="bbox 125 2445 1302 2770">
     <span class='ocr_line' id='line_1_30' title="bbox 133 2445 1302 2526; baseline -0.003 -14"><span class='ocrx_word' id='word_1_269' title='bbox 133 2457 135 2462; x_wconf 88' lang='lat'>&#39;</span> <span class='ocrx_word' id='word_1_270' title='bbox 157 2457 218 2526; x_wconf 86' lang='lat' dir='ltr'><strong>est,</strong></span> <span class='ocrx_word' id='word_1_271' title='bbox 244 2449 393 2510; x_wconf 79' lang='lat' dir='ltr'><strong>Christum</strong></span> <span class='ocrx_word' id='word_1_272' title='bbox 416 2466 433 2508; x_wconf 89' lang='lat' dir='ltr'><strong>a</strong></span> <span class='ocrx_word' id='word_1_273' title='bbox 457 2447 558 2508; x_wconf 90' lang='lat' dir='ltr'><strong>maiori</strong></span> <span class='ocrx_word' id='word_1_274' title='bbox 582 2447 619 2508; x_wconf 87' lang='lat' dir='ltr'><strong>ad</strong></span> <span class='ocrx_word' id='word_1_275' title='bbox 642 2447 737 2508; x_wconf 87' lang='lat' dir='ltr'><strong>minus</strong></span> <span class='ocrx_word' id='word_1_276' title='bbox 760 2448 936 2508; x_wconf 82' lang='lat' dir='ltr'><strong>ratiocinari:</strong></span> <span class='ocrx_word' id='word_1_277' title='bbox 961 2446 1032 2508; x_wconf 91' lang='lat' dir='ltr'><strong>nihil</strong></span> <span class='ocrx_word' id='word_1_278' title='bbox 1054 2447 1160 2508; x_wconf 88' lang='lat' dir='ltr'><strong>scillcet</strong></span> <span class='ocrx_word' id='word_1_279' title='bbox 1184 2445 1302 2509; x_wconf 84' lang='lat' dir='ltr'><strong>absurdi</strong></span> 
     </span>
     <span class='ocr_line' id='line_1_31' title="bbox 157 2525 1299 2609; baseline -0.004 -17"><span class='ocrx_word' id='word_1_280' title='bbox 157 2547 222 2593; x_wconf 92' lang='lat' dir='ltr'><strong>ease</strong></span> <span class='ocrx_word' id='word_1_281' title='bbox 240 2531 265 2590; x_wconf 92' lang='lat' dir='ltr'><strong>si</strong></span> <span class='ocrx_word' id='word_1_282' title='bbox 280 2527 377 2602; x_wconf 86' lang='lat' dir='ltr'><strong>Deus,</strong></span> <span class='ocrx_word' id='word_1_283' title='bbox 397 2527 447 2609; x_wconf 93' lang='lat' dir='ltr'><strong>qui</strong></span> <span class='ocrx_word' id='word_1_284' title='bbox 465 2545 571 2608; x_wconf 87' lang='lat' dir='ltr'><strong>pueros</strong></span> <span class='ocrx_word' id='word_1_285' title='bbox 591 2525 685 2588; x_wconf 87' lang='lat' dir='ltr'><strong>adhue</strong></span> <span class='ocrx_word' id='word_1_286' title='bbox 703 2526 825 2588; x_wconf 78' lang='lat' dir='ltr'><strong>inientes</strong></span> <span class='ocrx_word' id='word_1_287' title='bbox 844 2527 952 2608; x_wconf 71' lang='lat' dir='ltr'><strong>glorim</strong></span> <span class='ocrx_word' id='word_1_288' title='bbox 971 2543 1039 2588; x_wconf 87' lang='lat' dir='ltr'><strong>suae</strong></span> <span class='ocrx_word' id='word_1_289' title='bbox 1052 2526 1180 2588; x_wconf 78' lang='lat' dir='ltr'><strong>vindices</strong></span> <span class='ocrx_word' id='word_1_290' title='bbox 1194 2527 1299 2588; x_wconf 77' lang='lat' dir='ltr'><strong>wasti-</strong></span> 
     </span>
     <span class='ocr_line' id='line_1_32' title="bbox 125 2607 1300 2770; baseline -0.003 -98"><span class='ocrx_word' id='word_1_291' title='bbox 125 2643 143 2672; x_wconf 47' lang='lat' dir='ltr'><strong>a</strong></span> <span class='ocrx_word' id='word_1_292' title='bbox 156 2607 590 2770; x_wconf 37' lang='lat' dir='ltr'><strong>gitapqsmtquhqmsffladffiun</strong></span> <span class='ocrx_word' id='word_1_293' title='bbox 607 2625 699 2668; x_wconf 84' lang='lat' dir='ltr'><strong>anuos</strong></span> <span class='ocrx_word' id='word_1_294' title='bbox 717 2617 748 2669; x_wconf 84' lang='lat' dir='ltr'><strong>et</strong></span> <span class='ocrx_word' id='word_1_295' title='bbox 766 2607 843 2668; x_wconf 78' lang='lat' dir='ltr'><strong>ultra</strong></span> <span class='ocrx_word' id='word_1_296' title='bbox 861 2607 1005 2689; x_wconf 80' lang='lat' dir='ltr'><strong>progressi</strong></span> <span class='ocrx_word' id='word_1_297' title='bbox 1019 2612 1096 2683; x_wconf 87' lang='lat' dir='ltr'><strong>sunt,</strong></span> <span class='ocrx_word' id='word_1_298' title='bbox 1115 2607 1300 2702; x_wconf 35' lang='lat' dir='ltr'><strong>pransorium</strong></span> 
     </span>
    </p>
   </div>
   <div class='ocr_carea' id='block_1_15' title="bbox 158 2917 1302 3226">
    <p class='ocr_par' dir='ltr' id='par_1_16' title="bbox 158 2917 1302 3226">
     <span class='ocr_line' id='line_1_33' title="bbox 247 2917 1302 3016; baseline -0.004 -22"><span class='ocrx_word' id='word_1_299' title='bbox 247 2917 279 2994; x_wconf 86' lang='grc'><strong>4.</strong></span> <span class='ocrx_word' id='word_1_300' title='bbox 302 2921 439 3011; x_wconf 83' lang='lat' dir='ltr'><strong>Quando</strong></span> <span class='ocrx_word' id='word_1_301' title='bbox 465 2923 560 2992; x_wconf 84' lang='lat' dir='ltr'><strong>rideo</strong></span> <span class='ocrx_word' id='word_1_302' title='bbox 587 2923 697 2992; x_wconf 84' lang='lat' dir='ltr'><strong>coelos</strong></span> <span class='ocrx_word' id='word_1_303' title='bbox 722 2933 813 3006; x_wconf 85' lang='lat' dir='ltr'><strong>tuos,</strong></span> <span class='ocrx_word' id='word_1_304' title='bbox 842 2946 940 3015; x_wconf 85' lang='lat' dir='ltr'><strong>opera</strong></span> <span class='ocrx_word' id='word_1_305' title='bbox 967 2923 1143 3016; x_wconf 80' lang='lat' dir='ltr'><strong>digitorum</strong></span> <span class='ocrx_word' id='word_1_306' title='bbox 1160 2932 1302 3004; x_wconf 86' lang='lat' dir='ltr'><strong>tnonnu,</strong></span> 
     </span>
     <span class='ocr_line' id='line_1_34' title="bbox 158 3027 1301 3122; baseline -0.004 -22"><span class='ocrx_word' id='word_1_307' title='bbox 158 3031 268 3100; x_wconf 89' lang='lat' dir='ltr'><strong>lunam</strong></span> <span class='ocrx_word' id='word_1_308' title='bbox 292 3039 325 3098; x_wconf 85' lang='lat' dir='ltr'><strong>et</strong></span> <span class='ocrx_word' id='word_1_309' title='bbox 346 3027 468 3113; x_wconf 82' lang='lat' dir='ltr'><strong>stellas,</strong></span> <span class='ocrx_word' id='word_1_310' title='bbox 496 3051 575 3122; x_wconf 91' lang='lat' dir='ltr'><strong>quas</strong></span> <span class='ocrx_word' id='word_1_311' title='bbox 597 3027 802 3098; x_wconf 87' lang='lat' dir='ltr'><strong>concinnasti.</strong></span> <span class='ocrx_word' id='word_1_312' title='bbox 847 3029 878 3094; x_wconf 90' lang='lat'><strong>5.</strong></span> <span class='ocrx_word' id='word_1_313' title='bbox 901 3029 987 3114; x_wconf 84' lang='lat' dir='ltr'><strong>Quid</strong></span> <span class='ocrx_word' id='word_1_314' title='bbox 1008 3039 1058 3098; x_wconf 84' lang='lat' dir='ltr'><strong>est</strong></span> <span class='ocrx_word' id='word_1_315' title='bbox 1078 3029 1189 3114; x_wconf 87' lang='lat' dir='ltr'><strong>homo,</strong></span> <span class='ocrx_word' id='word_1_316' title='bbox 1210 3028 1301 3122; x_wconf 84' lang='lat' dir='ltr'><strong>qupd</strong></span> 
     </span>
     <span class='ocr_line' id='line_1_35' title="bbox 160 3133 1251 3226; baseline -0.005 -19"><span class='ocrx_word' id='word_1_317' title='bbox 160 3161 286 3207; x_wconf 89' lang='lat' dir='ltr'><strong>memor</strong></span> <span class='ocrx_word' id='word_1_318' title='bbox 307 3159 342 3204; x_wconf 85' lang='lat' dir='ltr'><strong>cs</strong></span> <span class='ocrx_word' id='word_1_319' title='bbox 365 3134 444 3222; x_wconf 89' lang='lat' dir='ltr'><strong>eius,</strong></span> <span class='ocrx_word' id='word_1_320' title='bbox 467 3145 500 3204; x_wconf 87' lang='lat' dir='ltr'><strong>et</strong></span> <span class='ocrx_word' id='word_1_321' title='bbox 522 3133 605 3204; x_wconf 86' lang='lat' dir='ltr'><strong>lilius</strong></span> <span class='ocrx_word' id='word_1_322' title='bbox 627 3133 766 3204; x_wconf 87' lang='lat' dir='ltr'><strong>hominis</strong></span> <span class='ocrx_word' id='word_1_323' title='bbox 789 3134 862 3226; x_wconf 87' lang='lat' dir='ltr'><strong>quia</strong></span> <span class='ocrx_word' id='word_1_324' title='bbox 885 3157 961 3203; x_wconf 87' lang='lat' dir='ltr'><strong>eum</strong></span> <span class='ocrx_word' id='word_1_325' title='bbox 982 3134 1110 3204; x_wconf 63' lang='lat' dir='ltr'><strong>estest</strong></span> <span class='ocrx_word' id='word_1_326' title='bbox 1223 3134 1251 3158; x_wconf 85' lang='grc'>”</span> 
     </span>
    </p>
   </div>
   <div class='ocr_carea' id='block_1_16' title="bbox 159 3320 1313 3886">
    <p class='ocr_par' dir='ltr' id='par_1_17' title="bbox 159 3320 1313 3886">
     <span class='ocr_line' id='line_1_36' title="bbox 228 3320 1301 3419; baseline 0.002 -35"><span class='ocrx_word' id='word_1_327' title='bbox 228 3321 374 3402; x_wconf 84' lang='lat' dir='ltr'><strong>Quoniam</strong></span> <span class='ocrx_word' id='word_1_328' title='bbox 388 3323 527 3404; x_wconf 87' lang='lat' dir='ltr'><strong>particula</strong></span> <span class='ocrx_word' id='word_1_329' title='bbox 538 3323 605 3392; x_wconf 57' lang='lat' dir='ltr'><strong>*Da</strong></span> <span class='ocrx_word' id='word_1_330' title='bbox 627 3323 666 3384; x_wconf 92' lang='lat' dir='ltr'><strong>ud</strong></span> <span class='ocrx_word' id='word_1_331' title='bbox 675 3322 832 3400; x_wconf 84' lang='lat' dir='ltr'><strong>Hebraeos,</strong></span> <span class='ocrx_word' id='word_1_332' title='bbox 842 3323 1012 3384; x_wconf 81' lang='lat' dir='ltr'><strong>tantundem</strong></span> <span class='ocrx_word' id='word_1_333' title='bbox 1022 3341 1108 3419; x_wconf 83' lang='lat' dir='ltr'><strong>saepe</strong></span> <span class='ocrx_word' id='word_1_334' title='bbox 1118 3320 1301 3386; x_wconf 72' lang='lat' dir='ltr'><strong>valetacla-</strong></span> 
     </span>
     <span class='ocr_line' id='line_1_37' title="bbox 160 3401 1300 3484; baseline 0 -18"><span class='ocrx_word' id='word_1_335' title='bbox 160 3401 225 3466; x_wconf 82' lang='lat' dir='ltr'><strong>tinia</strong></span> <span class='ocrx_word' id='word_1_336' title='bbox 245 3401 332 3481; x_wconf 84' lang='lat' dir='ltr'><strong>Quia,</strong></span> <span class='ocrx_word' id='word_1_337' title='bbox 351 3409 382 3462; x_wconf 87' lang='lat' dir='ltr'><strong>et</strong></span> <span class='ocrx_word' id='word_1_338' title='bbox 400 3403 601 3484; x_wconf 77' lang='lat' dir='ltr'><strong>simplicitate</strong></span> <span class='ocrx_word' id='word_1_339' title='bbox 636 3411 718 3476; x_wconf 79' lang='lat' dir='ltr'><strong>rorat,</strong></span> <span class='ocrx_word' id='word_1_340' title='bbox 739 3403 841 3464; x_wconf 84' lang='lat' dir='ltr'><strong>Graeci</strong></span> <span class='ocrx_word' id='word_1_341' title='bbox 860 3402 919 3464; x_wconf 88' lang='lat' dir='ltr'><strong>sere</strong></span> <span class='ocrx_word' id='word_1_342' title='bbox 939 3409 970 3464; x_wconf 88' lang='lat' dir='ltr'><strong>et</strong></span> <span class='ocrx_word' id='word_1_343' title='bbox 984 3401 1077 3464; x_wconf 78' lang='lat' dir='ltr'><strong>Latini</strong></span> <span class='ocrx_word' id='word_1_344' title='bbox 1093 3410 1207 3466; x_wconf 85' lang='lat' dir='ltr'><strong>veteres</strong></span> <span class='ocrx_word' id='word_1_345' title='bbox 1222 3423 1300 3466; x_wconf 86' lang='lat' dir='ltr'><strong>aeor-</strong></span> 
     </span>
     <span class='ocr_line' id='line_1_38' title="bbox 159 3482 1301 3564; baseline 0 -19"><span class='ocrx_word' id='word_1_346' title='bbox 159 3499 226 3545; x_wconf 83' lang='lat' dir='ltr'><strong>sunt</strong></span> <span class='ocrx_word' id='word_1_347' title='bbox 245 3483 374 3563; x_wconf 88' lang='lat' dir='ltr'><strong>legerunt</strong></span> <span class='ocrx_word' id='word_1_348' title='bbox 394 3490 530 3562; x_wconf 87' lang='lat' dir='ltr'><strong>quartum</strong></span> <span class='ocrx_word' id='word_1_349' title='bbox 548 3501 675 3556; x_wconf 84' lang='lat' dir='ltr'><strong>versum,</strong></span> <span class='ocrx_word' id='word_1_350' title='bbox 694 3485 753 3544; x_wconf 85' lang='lat' dir='ltr'><strong>acsi</strong></span> <span class='ocrx_word' id='word_1_351' title='bbox 773 3483 898 3564; x_wconf 80' lang='lat' dir='ltr'><strong>perlecta</strong></span> <span class='ocrx_word' id='word_1_352' title='bbox 917 3482 1155 3544; x_wconf 79' lang='lat' dir='ltr'><strong>essetsenteutias</strong></span> <span class='ocrx_word' id='word_1_353' title='bbox 1175 3484 1227 3544; x_wconf 84' lang='lat' dir='ltr'><strong>aed</strong></span> <span class='ocrx_word' id='word_1_354' title='bbox 1239 3503 1301 3545; x_wconf 90' lang='lat' dir='ltr'><strong>non</strong></span> 
     </span>
     <span class='ocr_line' id='line_1_39' title="bbox 164 3562 1313 3644; baseline 0.002 -20"><span class='ocrx_word' id='word_1_355' title='bbox 164 3563 284 3626; x_wconf 86' lang='lat' dir='ltr'><strong>dubium</strong></span> <span class='ocrx_word' id='word_1_356' title='bbox 307 3567 351 3624; x_wconf 83' lang='lat' dir='ltr'><strong>eal</strong></span> <span class='ocrx_word' id='word_1_357' title='bbox 416 3563 424 3578; x_wconf 84' lang='lat'><em>⁰</em></span> <span class='ocrx_word' id='word_1_358' title='bbox 469 3563 600 3644; x_wconf 78' lang='lat' dir='ltr'><strong>sequenti</strong></span> <span class='ocrx_word' id='word_1_359' title='bbox 622 3563 781 3624; x_wconf 83' lang='lat' dir='ltr'><strong>conveniat.</strong></span> <span class='ocrx_word' id='word_1_360' title='bbox 814 3562 915 3644; x_wconf 85' lang='lat' dir='ltr'><strong>ltaque</strong></span> <span class='ocrx_word' id='word_1_361' title='bbox 933 3563 1007 3624; x_wconf 85' lang='lat' dir='ltr'><strong>duos</strong></span> <span class='ocrx_word' id='word_1_362' title='bbox 1026 3581 1126 3624; x_wconf 76' lang='lat' dir='ltr'><strong>venatus</strong></span> <span class='ocrx_word' id='word_1_363' title='bbox 1146 3571 1313 3642; x_wconf 23' lang='lat' dir='ltr'><strong>mutans·</strong></span> 
     </span>
     <span class='ocr_line' id='line_1_40' title="bbox 159 3641 1304 3726; baseline -0.003 -19"><span class='ocrx_word' id='word_1_364' title='bbox 159 3661 275 3707; x_wconf 88' lang='lat' dir='ltr'><strong>necesse</strong></span> <span class='ocrx_word' id='word_1_365' title='bbox 294 3648 346 3705; x_wconf 84' lang='lat' dir='ltr'><strong>est</strong></span> <span class='ocrx_word' id='word_1_366' title='bbox 405 3661 503 3704; x_wconf 87' lang='lat' dir='ltr'><strong>ursum</strong></span> <span class='ocrx_word' id='word_1_367' title='bbox 521 3650 618 3712; x_wconf 84' lang='lat' dir='ltr'><strong>tamen</strong></span> <span class='ocrx_word' id='word_1_368' title='bbox 636 3641 810 3704; x_wconf 82' lang='lat' dir='ltr'><strong>Hebraicom</strong></span> <span class='ocrx_word' id='word_1_369' title='bbox 828 3641 900 3704; x_wconf 90' lang='lat' dir='ltr'><strong>illud</strong></span> <span class='ocrx_word' id='word_1_370' title='bbox 919 3645 976 3718; x_wconf 69' lang='grc' dir='ltr'><strong>Ὁ,</strong></span> <span class='ocrx_word' id='word_1_371' title='bbox 995 3642 1174 3706; x_wconf 86' lang='lat' dir='ltr'><strong>adversativa</strong></span> <span class='ocrx_word' id='word_1_372' title='bbox 1192 3644 1304 3726; x_wconf 84' lang='lat' dir='ltr'><strong>exponi</strong></span> 
     </span>
     <span class='ocr_line' id='line_1_41' title="bbox 160 3719 1301 3817; baseline 0.004 -35"><span class='ocrx_word' id='word_1_373' title='bbox 160 3729 259 3805; x_wconf 86' lang='lat' dir='ltr'><strong>posset</strong></span> <span class='ocrx_word' id='word_1_374' title='bbox 276 3719 502 3817; x_wconf 76' lang='lat' dir='ltr'><strong>pchnamvis,</strong></span> <span class='ocrx_word' id='word_1_375' title='bbox 521 3721 578 3784; x_wconf 89' lang='lat' dir='ltr'><strong>hoc</strong></span> <span class='ocrx_word' id='word_1_376' title='bbox 596 3741 691 3798; x_wconf 85' lang='lat' dir='ltr'><strong>seusu,</strong></span> <span class='ocrx_word' id='word_1_377' title='bbox 711 3721 835 3782; x_wconf 78' lang='lat' dir='ltr'><strong>Tametsi</strong></span> <span class='ocrx_word' id='word_1_378' title='bbox 854 3723 884 3783; x_wconf 93' lang='lat' dir='ltr'><strong>in</strong></span> <span class='ocrx_word' id='word_1_379' title='bbox 904 3723 1022 3784; x_wconf 70' lang='lat' dir='ltr'><strong>acdesti</strong></span> <span class='ocrx_word' id='word_1_380' title='bbox 1040 3721 1172 3784; x_wconf 85' lang='lat' dir='ltr'><strong>machina</strong></span> <span class='ocrx_word' id='word_1_381' title='bbox 1190 3724 1301 3786; x_wconf 69' lang='lat' dir='ltr'><strong>ium·</strong></span> 
     </span>
     <span class='ocr_line' id='line_1_42' title="bbox 159 3797 1302 3886; baseline 0.003 -24"><span class='ocrx_word' id='word_1_382' title='bbox 159 3797 294 3886; x_wconf 84' lang='lat' dir='ltr'><strong>parabilis</strong></span> <span class='ocrx_word' id='word_1_383' title='bbox 313 3799 371 3862; x_wconf 80' lang='lat' dir='ltr'><strong>Dar</strong></span> <span class='ocrx_word' id='word_1_384' title='bbox 394 3803 525 3862; x_wconf 68' lang='lat' dir='ltr'><strong>maleam</strong></span> <span class='ocrx_word' id='word_1_385' title='bbox 549 3801 685 3882; x_wconf 77' lang='lat' dir='ltr'><strong>refulget,</strong></span> <span class='ocrx_word' id='word_1_386' title='bbox 710 3821 745 3862; x_wconf 89' lang='lat' dir='ltr'><strong>se</strong></span> <span class='ocrx_word' id='word_1_387' title='bbox 763 3803 868 3862; x_wconf 80' lang='lat' dir='ltr'><strong>merito</strong></span> <span class='ocrx_word' id='word_1_388' title='bbox 884 3801 915 3862; x_wconf 90' lang='lat' dir='ltr'><strong>in</strong></span> <span class='ocrx_word' id='word_1_389' title='bbox 933 3803 979 3862; x_wconf 87' lang='lat' dir='ltr'><strong>sni</strong></span> <span class='ocrx_word' id='word_1_390' title='bbox 997 3802 1104 3864; x_wconf 88' lang='lat' dir='ltr'><strong>iutuitu</strong></span> <span class='ocrx_word' id='word_1_391' title='bbox 1120 3801 1229 3864; x_wconf 88' lang='lat' dir='ltr'><strong>detinet</strong></span> <span class='ocrx_word' id='word_1_392' title='bbox 1248 3803 1302 3866; x_wconf 86' lang='lat' dir='ltr'><strong>bc·</strong></span> 
     </span>
    </p>
   </div>
   <div class='ocr_carea' id='block_1_17' title="bbox 160 3880 1421 3964">
    <p class='ocr_par' dir='ltr' id='par_1_18' title="bbox 160 3880 1421 3964">
     <span class='ocr_line' id='line_1_43' title="bbox 160 3880 1421 3964; baseline 0 -20"><span class='ocrx_word' id='word_1_393' title='bbox 160 3882 273 3944; x_wconf 87' lang='lat' dir='ltr'><strong>minum</strong></span> <span class='ocrx_word' id='word_1_394' title='bbox 297 3880 409 3942; x_wconf 69' lang='lat' dir='ltr'><strong>oculose</strong></span> <span class='ocrx_word' id='word_1_395' title='bbox 434 3881 571 3960; x_wconf 85' lang='lat' dir='ltr'><strong>pecuhari</strong></span> <span class='ocrx_word' id='word_1_396' title='bbox 593 3888 690 3942; x_wconf 67' lang='lat' dir='ltr'><strong>nmen</strong></span> <span class='ocrx_word' id='word_1_397' title='bbox 713 3881 801 3942; x_wconf 88' lang='lat' dir='ltr'><strong>modo</strong></span> <span class='ocrx_word' id='word_1_398' title='bbox 821 3881 941 3962; x_wconf 82' lang='lat' dir='ltr'><strong>glorians</strong></span> <span class='ocrx_word' id='word_1_399' title='bbox 959 3883 1020 3942; x_wconf 88' lang='lat' dir='ltr'><strong>eius</strong></span> <span class='ocrx_word' id='word_1_400' title='bbox 1038 3883 1069 3942; x_wconf 91' lang='lat' dir='ltr'><strong>in</strong></span> <span class='ocrx_word' id='word_1_401' title='bbox 1088 3887 1149 3942; x_wconf 89' lang='lat' dir='ltr'><strong>tam</strong></span> <span class='ocrx_word' id='word_1_402' title='bbox 1166 3881 1303 3964; x_wconf 87' lang='lat' dir='ltr'><strong>benigno,</strong></span> <span class='ocrx_word' id='word_1_403' title='bbox 1420 3893 1421 3896; x_wconf 76' lang='grc'>’</span> 
     </span>
    </p>
   </div>
   <div class='ocr_carea' id='block_1_18' title="bbox 52 3959 1365 4454">
    <p class='ocr_par' dir='ltr' id='par_1_19' title="bbox 52 3959 1365 4454">
     <span class='ocr_line' id='line_1_44' title="bbox 203 3959 1365 4044; baseline 0.002 -22"><span class='ocrx_word' id='word_1_404' title='bbox 203 3981 221 4022; x_wconf 91' lang='lat' dir='ltr'><strong>o</strong></span> <span class='ocrx_word' id='word_1_405' title='bbox 240 3959 370 4022; x_wconf 84' lang='lat' dir='ltr'><strong>homines</strong></span> <span class='ocrx_word' id='word_1_406' title='bbox 388 3961 585 4041; x_wconf 84' lang='lat' dir='ltr'><strong>prosequitur,</strong></span> <span class='ocrx_word' id='word_1_407' title='bbox 604 3959 702 4020; x_wconf 87' lang='lat' dir='ltr'><strong>lavore</strong></span> <span class='ocrx_word' id='word_1_408' title='bbox 721 3963 857 4041; x_wconf 86' lang='lat' dir='ltr'><strong>spectari,</strong></span> <span class='ocrx_word' id='word_1_409' title='bbox 876 3981 929 4022; x_wconf 87' lang='lat' dir='ltr'><strong>nec</strong></span> <span class='ocrx_word' id='word_1_410' title='bbox 947 3979 1048 4022; x_wconf 81' lang='lat' dir='ltr'><strong>senatu</strong></span> <span class='ocrx_word' id='word_1_411' title='bbox 1067 3960 1115 4022; x_wconf 85' lang='lat' dir='ltr'><strong>hic</strong></span> <span class='ocrx_word' id='word_1_412' title='bbox 1132 3963 1210 4026; x_wconf 87' lang='lat' dir='ltr'><strong>male</strong></span> <span class='ocrx_word' id='word_1_413' title='bbox 1229 3981 1302 4044; x_wconf 88' lang='lat' dir='ltr'><strong>qua·</strong></span> <span class='ocrx_word' id='word_1_414' title='bbox 1361 3987 1365 3995; x_wconf 57' lang='grc'><em>“</em></span> 
     </span>
     <span class='ocr_line' id='line_1_45' title="bbox 245 4039 1303 4122; baseline 0.004 -22"><span class='ocrx_word' id='word_1_415' title='bbox 245 4047 273 4100; x_wconf 82' lang='lat' dir='ltr'><strong>t:</strong></span> <span class='ocrx_word' id='word_1_416' title='bbox 369 4039 376 4054; x_wconf 89' lang='lat'>&#39;</span> <span class='ocrx_word' id='word_1_417' title='bbox 401 4046 500 4102; x_wconf 86' lang='lat' dir='ltr'><strong>tamen</strong></span> <span class='ocrx_word' id='word_1_418' title='bbox 517 4039 600 4100; x_wconf 87' lang='lat' dir='ltr'><strong>hbuit</strong></span> <span class='ocrx_word' id='word_1_419' title='bbox 618 4039 698 4122; x_wconf 88' lang='lat' dir='ltr'><strong>quod</strong></span> <span class='ocrx_word' id='word_1_420' title='bbox 717 4041 806 4122; x_wconf 87' lang='lat' dir='ltr'><strong>magia</strong></span> <span class='ocrx_word' id='word_1_421' title='bbox 825 4045 970 4121; x_wconf 77' lang='lat' dir='ltr'><strong>receptum</strong></span> <span class='ocrx_word' id='word_1_422' title='bbox 995 4048 1065 4102; x_wconf 81' lang='lat' dir='ltr'><strong>enat.</strong></span> <span class='ocrx_word' id='word_1_423' title='bbox 1104 4039 1244 4104; x_wconf 63' lang='lat' dir='ltr'><strong>&amp;lanan</strong></span> <span class='ocrx_word' id='word_1_424' title='bbox 1263 4042 1303 4104; x_wconf 86' lang='lat' dir='ltr'><strong>ad</strong></span> 
     </span>
     <span class='ocr_line' id='line_1_46' title="bbox 161 4117 1302 4203; baseline 0.004 -23"><span class='ocrx_word' id='word_1_425' title='bbox 161 4120 320 4181; x_wconf 88' lang='lat' dir='ltr'><strong>notandum</strong></span> <span class='ocrx_word' id='word_1_426' title='bbox 364 4117 503 4199; x_wconf 88' lang='lat' dir='ltr'><strong>rophetae</strong></span> <span class='ocrx_word' id='word_1_427' title='bbox 515 4118 667 4180; x_wconf 77' lang='lat' dir='ltr'><strong>nomiliam</strong></span> <span class='ocrx_word' id='word_1_428' title='bbox 681 4126 804 4180; x_wconf 86' lang='lat' dir='ltr'><strong>attentos</strong></span> <span class='ocrx_word' id='word_1_429' title='bbox 813 4117 949 4181; x_wconf 75' lang='lat' dir='ltr'><strong>lectam</strong></span> <span class='ocrx_word' id='word_1_430' title='bbox 958 4139 1020 4182; x_wconf 86' lang='lat' dir='ltr'><strong>esse</strong></span> <span class='ocrx_word' id='word_1_431' title='bbox 1030 4121 1174 4200; x_wconf 78' lang='lat' dir='ltr'><strong>convent,</strong></span> <span class='ocrx_word' id='word_1_432' title='bbox 1194 4141 1302 4203; x_wconf 83' lang='lat' dir='ltr'><strong>nempe</strong></span> 
     </span>
     <span class='ocr_line' id='line_1_47' title="bbox 52 4197 1302 4360; baseline 0.002 -100"><span class='ocrx_word' id='word_1_433' title='bbox 52 4224 57 4234; x_wconf 87' lang='lat'><strong>·</strong></span> <span class='ocrx_word' id='word_1_434' title='bbox 163 4199 243 4282; x_wconf 91' lang='lat' dir='ltr'><strong>quod</strong></span> <span class='ocrx_word' id='word_1_435' title='bbox 262 4198 318 4260; x_wconf 88' lang='lat' dir='ltr'><strong>hac</strong></span> <span class='ocrx_word' id='word_1_436' title='bbox 337 4199 551 4340; x_wconf 51' lang='grc' dir='ltr'><strong>ωιιιὲπαὶοπο</strong></span> <span class='ocrx_word' id='word_1_437' title='bbox 569 4197 779 4342; x_wconf 45' lang='lat' dir='ltr'><strong>ingentem&amp;</strong></span> <span class='ocrx_word' id='word_1_438' title='bbox 795 4197 1144 4360; x_wconf 43' lang='lat' dir='ltr'><strong>mffimdqqaphhfflg</strong></span> <span class='ocrx_word' id='word_1_439' title='bbox 1160 4203 1302 4342; x_wconf 44' lang='lat' dir='ltr'><strong>anl’lqomss</strong></span> 
     </span>
     <span class='ocr_line' id='line_1_48' title="bbox 161 4296 1302 4454; baseline 0.003 -35"><span class='ocrx_word' id='word_1_440' title='bbox 161 4358 208 4420; x_wconf 92' lang='lat' dir='ltr'><strong>sui</strong></span> <span class='ocrx_word' id='word_1_441' title='bbox 225 4296 693 4441; x_wconf 46' lang='lat' dir='ltr'><strong>muhmooemwdspldjns’offi</strong></span> <span class='ocrx_word' id='word_1_442' title='bbox 708 4357 877 4422; x_wconf 71' lang='lat' dir='ltr'><strong>doenmdue</strong></span> <span class='ocrx_word' id='word_1_443' title='bbox 891 4365 924 4422; x_wconf 83' lang='lat' dir='ltr'><strong>ut</strong></span> <span class='ocrx_word' id='word_1_444' title='bbox 940 4377 1040 4424; x_wconf 75' lang='lat' dir='ltr'><strong>anam</strong></span> <span class='ocrx_word' id='word_1_445' title='bbox 1052 4302 1302 4454; x_wconf 50' lang='lat' dir='ltr'><strong>gendarum</strong></span> 
     </span>
    </p>
   </div>
   <div class='ocr_carea' id='block_1_19' title="bbox 0 0 1438 4886">
    <p class='ocr_par' dir='ltr' id='par_1_20' title="bbox 0 0 1438 4886">
     <span class='ocr_line' id='line_1_49' title="bbox 0 0 1438 4886; baseline 0 0"><span class='ocrx_word' id='word_1_446' title='bbox 0 0 1438 4886; x_wconf 95' lang='lat' dir='ltr'><strong> </strong></span> 
     </span>
    </p>
   </div>
  </div>
 </body>
</html>
