2748 4890
418 331 751 375 aurearum.
885 308 891 324 '
1020 318 1043 376 ¹.
1106 339 1160 396 Μ

25 457 278 554 alatis-doctrina,
297 455 423 538 gladium
443 455 496 518 sibi
515 463 545 554 et
558 458 673 538 sagittas
694 455 836 554 conflabit.
877 455 951 520 ilinc
969 461 1054 555 etiam
1073 461 1157 524 nohis

25 544 382 678 tittntzfftattt
407 536 1159 698 tttltatt.tttttttttttttttttt

25 697 148 770 radient,
169 715 256 778 quern
275 693 646 776 eibiiactanteseellegemr
666 715 753 777 quarn
784 697 886 758 roiano
895 699 980 760 etiam
991 707 1159 783 contemptu
1177 699 1180 710 ¹
1243 735 1252 758 a

25 778 112 836 uaior
152 795 202 848 ars
220 775 319 836 mundi
337 775 452 836 illudat:
473 793 559 856 quam
579 775 738 855 petulanter
778 793 863 836 orcae
882 783 912 838 et
931 776 1026 839 ludaei
1041 779 1154 841 maledi·

25 863 88 916 ant
163 875 216 938 rgo
243 857 274 919 in
299 853 384 916 rebus
404 861 463 915 tam
492 853 618 915 contusis
642 861 773 916 occurrat
801 853 884 919 nobie
907 859 1071 920 vaticinium
1092 859 1158 938 hoc,

25 936 139 996 Jhristo
148 935 278 1074 gladium
293 941 323 994 et
342 935 458 1016 sagittae
467 933 624 995 sternendia
643 941 673 995 et
691 926 841 1016 hammus
851 934 978 1018 hostibus
998 933 1159 1020 suppetere.

25 1025 127 1076 terum
169 1016 274 1076 reviter
292 1013 349 1076 hoc
368 1013 434 1076 looo
453 1013 670 1095 repetamquod
689 1021 755 1076 autc
774 1017 869 1096 attigi:
889 1023 1159 1099 utcunqueveraum
1283 1025 1288 1046 ⁸

25 1115 95 1156 rane
117 1095 179 1156 anie
189 1093 306 1155 cavillis
324 1093 438 1154 eludere
456 1092 553 1156 ludaei
572 1100 721 1168 conentur,
746 1095 851 1156 solium
870 1101 952 1156 tuum
966 1094 1048 1158 Dens
1066 1098 1096 1159 iu
1116 1119 1159 1162 re·

25 1175 118 1234 :olum
137 1175 237 1248 seculi,
257 1174 327 1235 satia
346 1173 548 1234 tamenvalere
585 1173 761 1236 dacteruam
772 1172 879 1236 Ghrioti
898 1175 1074 1238 divinitatem
1092 1199 1157 1260 pro·

25 1255 157 1314 randum:
182 1255 249 1335 quia
274 1253 343 1314 dum
366 1271 470 1314 nornen
489 1193 620 1322 nith&
643 1253 691 1316 rel
720 1253 827 1336 angelii
854 1253 901 1316 vel
925 1252 1086 1318 hominibus
1110 1259 1158 1320 ad·

25 1333 166 1408 scribitur,
186 1334 272 1394 umal
291 1333 356 1394 addi
380 1333 461 1394 solet·
472 1339 541 1393 nota
560 1333 655 1414 aliqua
680 1351 755 1416 qnae
774 1333 916 1394 discernat
934 1353 985 1396 eoa
1004 1355 1022 1398 a
1040 1355 1110 1397 vero
1129 1345 1160 1400 et

25 1416 105 1474 unico
125 1411 207 1475 Deo:
227 1413 275 1474 hic
298 1419 394 1474 autem
417 1411 584 1493 simpliciter
606 1413 752 1474 confertur
776 1415 805 1474 in
825 1413 972 1476 Christum
997 1422 1027 1477 et
1052 1414 1160 1556 abeglne
1286 1409 1319 1474 .'

25 1495 74 1554 nlla
97 1494 277 1576 exceptione.
302 1491 362 1554 lam
381 1511 451 1554 vcro
471 1498 571 1553 notare
591 1511 694 1574 operae
714 1493 837 1574 pretium
860 1500 914 1570 eat,
933 1513 1094 1558 sermonem
1133 1499 1162 1558 ie

25 1575 52 1633 de
72 1572 196 1634 Christo
220 1571 331 1646 baberi,
355 1580 495 1656 quatenns
519 1570 601 1632 Deus
625 1579 669 1633 est
692 1573 887 1634 manifestatur
910 1575 940 1634 in
964 1593 1058 1638 carne
1097 1572 1161 1638 Etsi

25 1655 96 1713 enirn
121 1652 206 1713 Dens
232 1659 364 1728 vocatur,
390 1655 458 1732 quia
481 1651 585 1712 Sermo
609 1658 652 1712 eat
676 1671 693 1712 a
717 1651 804 1730 Patre
826 1655 940 1734 genitur
964 1657 1160 1732 antecoenia,

28 1734 66 1793 lic
89 1743 188 1794 temen
205 1734 342 1794 'statuitur
365 1733 395 1792 in
420 1749 542 1812 persona
561 1730 737 1793 Mediatorie:
757 1731 833 1794 unde
852 1740 883 1794 et
901 1731 988 1814 paulo
1007 1743 1075 1816 post
1092 1734 1160 1797 Deo

28 1814 179 1874 subiicitur.
206 1809 245 1873 Et
263 1813 420 1874 certesiad
430 1810 566 1872 Divinam
585 1811 646 1870 eins
656 1817 788 1872 naturam
798 1813 950 1894 restringas
970 1814 1162 1894 qnoddicitur

29 1893 58 1953 de
67 1901 186 1954 aeterno
195 1895 257 1954 eine
271 1912 369 1972 regno,
389 1891 492 1972 peribit
511 1889 594 1952 nobis
612 1891 822 1952 inaestimabilia
835 1891 1161 2032 irnctuulguemexhac

30 1974 162 2033 doctrina¹
172 1972 358 2054 percipimus:
373 1970 442 2032 dum
453 1971 644 2051 intelligimus,
659 1977 800 2050 qnatenus
810 1978 897 2054 eaput
905 1979 949 2032 est
969 1971 1110 2049 *eclesiae
1129 1981 1161 2036 et
1226 1969 1231 1980 '

32 2053 124 2112 salutis
142 2058 259 2114 nostrae
278 2059 374 2116 enetos
393 2069 559 2132 acpraeaeu
578 2069 638 2110 non
656 2069 776 2130 regnare
795 2051 963 2134 adtempos‚
983 2051 1032 2114 eod
1042 2060 1159 2115 aeterno

30 2134 142 2212 inperio
161 2133 264 2214 potiri,
289 2131 356 2212 quia
380 2128 447 2191 hino
472 2129 554 2190 nobis
579 2128 669 2189 solida
693 2136 753 2189 tam
778 2130 808 2192 in
832 2131 891 2192 vita
911 2151 998 2270 gnam
1018 2132 1048 2192 in
1066 2140 1161 2194 morte

31 2213 168 2271 smoniae.
208 2209 293 2271 Olane
315 2210 401 2271 edam
426 2229 464 2270 ex
489 2211 622 2290 proximo
647 2215 786 2270 contextu
804 2215 893 2290 patet,
939 2209 1059 2272 hristum
1078 2211 1161 2284 nobie

31 2291 208 2352 mediatorem
227 2291 359 2372 proponi,
379 2290 448 2384 quia
467 2295 570 2350 unctus
590 2285 684 2348 uDeo
703 2307 757 2349 auo
777 2287 888 2366 dicitnr,
908 2297 937 2350 et
957 2291 1071 2370 quidem
1091 2310 1161 2372 prae

32 2371 113 2432 sociis.
156 2369 190 2430 ld
209 2377 304 2431 antem
323 2371 353 2430 in
373 2377 520 2430 aeternnm
540 2367 596 2429 Dei
616 2365 785 2428 Sermonem
809 2387 869 2429 uon
889 2387 953 2429 oom
975 2371 1040 2446 etit,
1059 2371 1110 2432 aed
1129 2371 1160 2434 iu

34 2449 174 2513 Christum
193 2467 278 2511 came
295 2449 438 2525 indutum,
457 2449 488 2508 in
508 2466 565 2529 qna
584 2453 614 2510 ct
632 2465 732 2508 servus
751 2445 807 2510 Dei
826 2455 880 2526 est,
899 2455 929 2510 et
990 2455 1034 2512 ter
1053 2459 1158 2548 noster.

105 2653 142 2720 9.
163 2649 293 2742 Myrrha
315 2661 347 2718 et
368 2651 449 2728 slot,
470 2659 503 2716 et
525 2648 607 2716 casia
634 2647 783 2716 omnibus
804 2647 1002 2718 vestimentis
1022 2638 1094 2734 cuii,
1116 2674 1159 2720 ex

35 2759 144 2847 palatiis
171 2755 317 2826 eburneis
349 2753 435 2823 unde
468 2751 711 2822 laetificaverunt
737 2763 797 2821 te.⁸
831 2755 883 2822 10.
910 2753 1008 2822 Filiae
1035 2753 1160 2848 Regum

36 2865 101 2934 inter
124 2861 328 2932 honorabiles
354 2872 441 2930 tuas:
469 2859 591 2927 adstitit
608 2859 748 2928 coniunx
770 2859 810 2927 ad
833 2859 994 2930 dexteram
1016 2871 1104 2928 tuam
1126 2861 1159 2930 in

37 2995 96 3038 auro
120 2969 233 3062 Ophir.
278 2970 330 3036 11.
357 2967 441 3036 Audi
463 2966 539 3050 filia,
561 2976 594 3035 et
620 2965 702 3050 vide,
729 2975 762 3034 et
778 2955 901 3034 'inerim
922 2989 1032 3035 aurem
1053 2977 1159 3037 terame

38 3087 61 3142 et
76 3076 260 3144 obliviscere
287 3073 444 3166 populum
470 3081 563 3140 tuum
591 3081 624 3140 et
652 3071 785 3140 domum
810 3072 908 3162 patris
935 3072 991 3140 tui.
1037 3071 1090 3141 12.
1117 3071 1160 3166 Et
1203 3131 1207 3136 ,

39 3183 139 3252 mabit
160 3181 231 3252 Rex
252 3181 400 3250 decorem
420 3189 529 3248 tuumt
557 3179 631 3272 qnia
651 3177 720 3270 ipse
748 3175 896 3246 dominus
917 3187 1001 3263 tuus,
1028 3187 1061 3248 et
1088 3179 1161 3248 ado

39 3289 101 3358 nbis
125 3311 211 3358 enm.
257 3289 309 3356 13.
331 3285 375 3356 Et
395 3285 458 3354 lilia
480 3285 559 3377 Tyri
581 3307 656 3354 cuna
676 3307 826 3355 muneret
848 3283 977 3354 vultum·
993 3294 1086 3356 tuum
1108 3285 1160 3355 de·

39 3396 232 3484 pacabuntur
253 3393 365 3464 diviua
386 3389 506 3486 populi.
996 3413 998 3418 ’
1157 3415 1160 3425 ·

98 3561 130 3622 9.
150 3559 195 3618 Μ
231 3553 282 3618 'ho
305 3564 333 3618 et
352 3557 428 3617 aloe.
467 3553 530 3636 Ego
549 3553 591 3614 de
616 3552 735 3614 rocrbua
760 3553 845 3614 anxie
867 3571 927 3613 non
946 3551 1071 3633 disputo,
1092 3555 1160 3636 quia

42 3653 68 3694 ne
81 3638 152 3698 inter
215 3637 317 3699 breem
336 3627 452 3716 quidem
471 3633 539 3694 satia
559 3634 694 3694 convenit
716 3633 786 3713 quid
813 3630 951 3714 significet
969 3633 1087 3694 tertium
1107 3655 1160 3694 no-

43 3733 97 3791 nen,
116 3716 172 3776 nisi
232 3717 270 3778 od
288 3737 326 3778 ex
346 3713 529 3776 similitudine
543 3713 684 3774 coniicere
703 3713 769 3772 lieet
789 3723 851 3773 orae
866 3712 980 3773 casum.
1019 3711 1096 3774 Setia
1116 3721 1160 3773 eet
1235 3754 1239 3763 „

45 3797 100 3872 quod
124 3737 269 3879 emillae
293 3797 361 3856 dicit
384 3801 479 3856 vestm
503 3792 604 3874 Regia,
629 3793 790 3857 aromaticis
814 3791 998 3873 ot'pretioeia
1024 3791 1159 3853 odoribus

45 3890 92 3934 ease
111 3878 249 3958 mosas.
287 3873 475 3937 solomonem
505 3893 575 3933 vero
600 3871 732 3932 describit
756 3871 946 3952 prodeuntem
969 3889 1007 3934 ex
1031 3872 1158 3933 eburneo

46 3953 138 4032 palato,
156 3956 233 4018 unde
251 3973 350 4018 omnes
369 3957 397 4016 ei
416 3953 595 4036 gratulantur
614 3959 644 4012 ot
664 3951 847 4032 applaudunt
888 3949 1062 4012 Particulam
1081 3953 1159 4012 euim

48 4033 92 4098 lli)
107 4056 165 4096 non
184 4038 364 4120 inlmpretor,
383 4054 421 4095 ex
441 4053 502 4108 me,
526 4033 595 4112 qnia
619 4030 729 4092 nullum
753 4029 928 4094 tolerabilem
949 4044 1068 4090 aeneum
1092 4030 1159 4092 inde

48 4110 126 4176 eluse
144 4116 250 4194 liceret
269 4116 320 4178 sed
339 4117 431 4176 refero
451 4111 487 4172 ad
507 4111 620 4193 palatia.
650 4110 824 4192 Quanquam
841 4115 1006 4172 autemnon
1026 4111 1056 4170 in
1075 4111 1159 4193 plebe

49 4193 120 4270 nodo,
140 4196 188 4257 sed
213 4197 242 4257 in
266 4195 379 4280 regibus
399 4212 516 4274 quoqne
536 4193 606 4252 vitio
625 4212 684 4251 non
700 4198 797 4252 carent
815 4191 930 4251 luxuria
949 4196 979 4250 et
998 4193 1159 4272 superfluae·

50 4265 152 4336 leidae:
170 4275 206 4337 ab
225 4277 313 4339 altera
333 4283 428 4338 umen
447 4279 528 4354 parte
548 4271 674 4334 urenda
693 4278 739 4332 est
757 4271 844 4332 nimia
864 4270 1021 4344 austeritas,
1040 4287 1078 4331 ne
1097 4287 1158 4348 mo·

51 4345 153 4415 lartum
170 4357 358 4454 splendorem,
377 4355 428 4437 qni
447 4371 547 4412 eornm
558 4351 687 4432 dignitati
707 4347 885 4432 respondeat,
905 4368 1023 4430 prorsus
1042 4349 1156 4410 damne-

51 4443 105 4504 Μ,
120 4435 196 4496 sicali
215 4437 302 4517 paulo
321 4442 388 4518 post
411 4431 554 4494 inducitur
583 4431 680 4512 regina
705 4437 873 4571 sumptggsa
893 4435 924 4489 at
942 4429 1091 4510 magnifice
1111 4449 1156 4491 or·

70 4525 279 4576 lavanianum
293 4535 355 4575 Tum.
371 4535 390 4575 l.
442 4568 446 4585 ,
