2854 4886
492 251 723 305 sarsana.
750 251 793 294 rx.
908 213 909 222 ἵ
1213 250 1249 309 53

94 365 236 450 mittendi
263 391 348 449 msa,
365 372 435 456 qaia
453 368 524 436 sta'
584 374 592 392 '
626 373 786 458 saphatiae
806 379 851 438 eat
869 373 1015 457 tornatos
1039 374 1098 440 aest
1122 372 1249 452 dixisset,

94 447 200 512 Deum
224 452 345 514 tandem
364 453 521 536 susoepisse
539 454 569 514 iu
589 454 640 530 'eis
659 439 834 538 personam:
851 453 1035 538 tribunalque
1052 454 1249 519 oomeeudiase

94 535 132 590 nt
149 529 264 593 indicis
282 537 380 614 partes
399 531 539 614 impleret
557 531 590 592 ld
665 533 746 596 aius
763 540 795 596 et
812 540 924 596 sentum
943 551 1029 598 asua
1105 535 1249 597 astatissa

98 607 265 691 gloriatur,
289 611 361 674 iuris
385 611 430 674 sui
454 617 484 672 'et
506 551 730 676 stammam
755 612 899 678 vindioem
921 611 1010 676 iotae
1054 615 1140 676 ‘oeus
1178 611 1248 694 Quo

100 691 189 750 etiam
203 693 337 773 pertinet
350 690 429 773 qnod
438 691 571 774 proxinro
580 709 666 754 versu
676 692 814 773 sequitur,
832 691 1111 792 prodigatumluisse
1119 693 1247 778 implum.

99 767 205 852 Neque
224 772 309 832 enim
322 769 419 832 hostes
433 775 589 852 prostratos
604 771 717 846 vitlena,
737 791 836 834 eorum
852 771 925 834 eladr
940 772 1104 855 sirnplioiter
1116 771 1247 834 insultat:

98 849 151 910 sed
175 869 232 910 eos
257 851 415 912 iniustitias
435 848 639 936 condemnans,
664 849 732 912 dioit
751 870 824 936 quas
841 851 934 916 meriti
949 845 1036 916 'amnt
1053 871 1175 936 menas,
1200 851 1248 914 de

98 927 186 990 t'u'ssa.
209 928 352 992 Gentium
372 931 487 991 nomine
504 929 636 1010 intelligit
654 949 714 992 non
732 949 839 1014 paucos
853 935 967 992 tantrrm
980 931 1019 992 im
1040 931 1084 992 ios
1097 931 1185 992 fuisse
1199 932 1247 992 da·

97 1009 192 1086 letos,
218 1007 272 1072 sed
293 1009 422 1092 ingentes
441 1009 552 1106 copias,
577 1015 608 1070 et
627 1009 742 1090 quidem
760 1030 797 1072 ex
817 1009 935 1072 divanio
953 951 1082 1092 partibus
1100 1011 1247 1092 umgen-

97 1094 151 1150 ta.
189 1085 271 1151 llino
295 1094 394 1151 autem
418 1087 519 1162 melius
542 1087 665 1170 refulget
681 1085 739 1150 Dei
762 1087 889 1165 bonitas,
934 1089 991 1150 nod
1013 1089 1045 1150 in
1063 1091 1148 1151 nnius
1171 1088 1247 1151 servi

97 1167 303 1262 ani-lavorem
321 1187 360 1248 ne
378 1167 445 1229 totis
462 1167 579 1254 quidem
597 1167 712 1250 populis
730 1169 895 1266 peperoerit
912 1109 1009 1248 bned
1023 1165 1130 1232 lamam
1144 1189 1245 1231 eorum

101 1247 173 1308 diost
196 1250 229 1310 in
252 1245 386 1310 aeenlum
410 1245 498 1308 inisse
521 1249 690 1324 amotum,
715 1267 756 1310 sse
775 1248 886 1329 aenigne,
906 1247 985 1328 quod
1003 1247 1064 1309 sine
1082 1264 1135 1330 ape
1153 1267 1251 1309 rasura

106 1327 190 1410 guali
208 1327 318 1402 excisi,
338 1332 368 1388 et
386 1333 517 1390 aeterma
535 1327 705 1408 ignominiae
719 1325 824 1388 addicti
838 1325 951 1387 inerint.
974 1322 1076 1408 Neque
1087 1329 1163 1388 euim
1178 1327 1246 1390 alio·

107 1411 158 1490 qui
177 1407 341 1468 tumuere
359 1405 460 1468 liceret
486 1405 624 1478 ¹uomodo
643 1407 761 1488 sepeliat
779 1405 862 1466 Dens
880 1423 987 1467 noman
1005 1405 1044 1468 im
1065 1407 1159 1468 iorum
1178 1425 1245 1474 oum

106 1487 183 1628 {pas
198 1487 259 1632 ”dii
273 1487 343 1630 apia
355 1491 522 1568 pronuntrat
535 1485 701 1548 memoriam
715 1487 795 1548 iustis
801 1503 909 1572 ‚emper
917 1487 948 1554 in
956 1427 1151 1552 taminatus
1165 1485 1238 1564 iore,

131 1587 194 1632 mv·
256 1609 269 1646 ’
307 1611 316 1628 Ι

198 1796 230 1866 7.
250 1793 391 1878 luimioe,
411 1795 517 1866 linitae
538 1806 615 1864 sunt
635 1796 795 1869 vastitates
816 1793 849 1864 in
861 1795 1012 1882 aemulum,
1034 1806 1066 1865 et
1080 1795 1176 1864 urbes
1192 1793 1243 1863 de

112 1902 268 1972 mutnet:
286 1901 379 1994 periit
400 1901 553 1972 memoria
575 1901 717 1994 ipsorum
739 1925 813 1972 osrm
834 1902 921 1994 ipsis.
944 1904 975 1970 8.
986 1900 1029 1970 Et
1043 1899 1160 1970 leho'va
1177 1923 1245 1992 per·

44 2075 48 2080 .
106 2021 213 2102 petuo
233 2008 327 2090 sedet,
346 2007 466 2092 ,solitam
489 2029 584 2094 mum
606 2007 646 2075 ad
666 2007 969 2100 iudioiurn'paravit.
1007 2007 1039 2076 9.
1053 2007 1098 2074 Et
1116 2007 1185 2099 ipse
1200 2007 1244 2073 iu-

105 2115 222 2184 dioalrit
244 2114 355 2183 orbem
375 2113 410 2182 in
430 2113 561 2208 iustitia,
581 2113 728 2182 iudicabit
748 2113 886 2208 populos
906 2113 940 2182 in
961 2112 1155 2183 rectitudine.

184 2287 215 2349 7.
234 2287 375 2360 Introire,
386 2285 507 2366 finitae.
547 2283 633 2346 Varie
653 2286 806 2368 exponitur
824 2285 961 2368 septimun
980 2303 1088 2348 versua.
1115 2281 1241 2366 Quidam

104 2367 184 2428 enim
201 2365 316 2428 fflmm
341 2365 384 2438 il,
408 2383 466 2450 pro¹
477 2366 708 2444 interrogationis
729 2371 796 2426 nota
815 2367 973 2448 accipiunt,
997 2368 1055 2428 aesi
1074 2363 1170 2426 David
1190 2365 1240 2424 ho·

101 2455 163 2508 stes
183 2465 254 2507 suos
274 2441 463 2525 compellans,
483 2451 632 2523 quaereret
651 2445 743 2504 sintne
762 2447 896 2526 impletae
914 2446 1069 2517 vastitates,
1088 2447 1170 2506 sicuti
1185 2445 1239 2525 ipsi
1312 2457 1319 2484 t

99 2532 265 2588 statuerant
284 2525 379 2586 omnia
397 2521 524 2620 perdere.
554 2519 628 2585 Nam
647 2523 766 2586 verbnm
786 2529 875 2596 nnn
894 2545 971 2586 nono
990 2525 1138 2607 perficere,
1163 2543 1241 2585 nuno

97 2607 192 2668 sanem
216 2607 368 2687 imponere
392 2602 541 2686 argoidoal,
580 2603 620 2664 lta
645 2605 753 2665 ironice
780 2607 980 2686 perstringeret
1003 2601 1098 2664 David
1122 2603 1238 2664 stultam

97 2687 234 2748 hostium
254 2683 462 2748 mnfidmtton.
482 2681 540 2746 Atii
559 2683 619 2746 sine
638 2686 859 2766 interrogatione
877 2687 966 2766 magis
980 2691 1106 2766 apertam
1119 2685 1238 2746 ironiam

96 2767 224 2840 ludunt,
243 2769 403 2849 putantque
428 2761 570 2844 duplicem
596 2771 702 2830 statum
718 2763 852 2827 deseribia‘
875 2767 941 2845 quia
955 2763 1053 2826 David
1067 2765 1161 2848 priore
1175 2765 1239 2824 loro

94 2845 201 2915 hortea
220 2843 332 2906 inducit
349 2861 435 2904 saevo
454 2843 562 2924 impetu
581 2851 749 2926 grassantes,
768 2851 797 2904 et
816 2844 955 2904 obstinate
975 2849 1123 2926 pergentes
1142 2845 1151 2902 i
1186 2859 1236 2901 sna

89 2925 240 2986 ¹saevitias
265 2930 299 2986 ut
321 2923 411 2984 videri
434 2923 545 3004 possint
562 2923 672 2984 nullum
692 2921 779 2984 linem
797 2921 912 2996 facturi,
936 2924 990 2984 nisi
1010 2925 1122 3006 penitus
1142 2863 1238 2982 einiso

96 3003 227 3066 Doridis
316 3023 343 3063 o.
362 2999 474 3064 Deinde
493 3022 510 3062 e
529 3003 644 3084 regione
663 3003 761 3066 statuit
773 2999 869 3063 Deum
889 3002 918 3062 in
938 3002 1010 3060 solio
1030 3001 1187 3074 sedentem,
1208 3007 1239 3057 nt

100 3085 233 3148 tartesos
289 3103 322 3144 os
346 3088 464 3166 conatus
488 3084 632 3166 reprimat
667 3079 700 3140 Si
724 3081 836 3166 placeat
860 3080 907 3141 hio
926 3099 1035 3156 sensus,
1055 3079 1237 3175 copulatio

100 3165 313 3226 adversativum
332 3159 500 3245 particulam
519 3159 686 3222 resolvenda
706 3163 768 3236 erit,
788 3161 844 3220 hoo
863 3160 965 3235 modo,
984 3157 1030 3220 Tu
1050 3159 1166 3240 quadem
1185 3157 1235 3218 ho·
1281 3181 1286 3193 ¹

100 3247 154 3304 atis
173 3244 247 3304 nihil
266 3243 319 3302 nisi
338 3243 438 3302 eaedes
457 3247 487 3302 et
506 3242 618 3308 urbium
637 3243 733 3302 ruinas
754 3240 893 3322 spirabasr
919 3241 998 3321 atqui
1019 3239 1134 3300 demum
1150 3257 1180 3298 sa
1194 3239 1236 3297 in-

100 3323 196 3384 diosan
215 3324 246 3382 in
266 3321 348 3383 coelo
362 3321 459 3382 sedere
474 3319 555 3381 Dens
570 3321 700 3395 ostendit,
721 3323 770 3402 qui
787 3340 832 3381 res
847 3321 877 3380 in
889 3327 966 3381 terra
980 3319 1106 3380 turbatad
1121 3337 1248 3398 compo·¹

99 3409 162 3464 nat.
195 3401 270 3466 Aliis
293 3399 406 3465 videtur
424 3399 520 3462 David
541 3402 644 3481 gratim
663 3399 728 3460 Deo
748 3419 844 3481 agere,
869 3400 948 3482 quod
967 3419 1055 3480 mum
1076 3400 1169 3494 impiis
1189 3398 1235 3456 ds·

100 3489 214 3544 metum
237 3487 314 3544 esset
337 3481 431 3542 omnia
455 3478 699 3562 perdere‚'finem‘
718 3481 884 3561 imposuerit
903 3499 1003 3540 eorum
1022 3477 1234 3540 vastationibus.

100 3561 240 3623 metius
260 3561 306 3620 alii
324 3560 455 3644 impletas
473 3562 619 3623 vastitates
638 3569 796 3642 exponunt,
815 3560 893 3640 qnod
907 3558 988 3620 Dens
1006 3560 1081 3619 iusta
1100 3556 1235 3619 vindicta.

195 3643 226 3702 io
245 3639 387 3702 Davidem
406 3639 559 3702 maehinati
579 3640 691 3705 tonant
710 3642 804 3722 impii,
828 3643 858 3700 in
877 3659 979 3702 eorum
997 3639 1088 3720 eapite
1108 3637 1233 3698 verterit.

100 3659 305 3803 ffipdmum
324 3718 466 3784 Davidem
484 3721 622 3800 oonqnari
639 3722 812 3794 existimant,
833 3719 912 3800 qnod
929 3718 1010 3779 Dens
1029 3719 1161 3780 miseram
1181 3737 1233 3814 po-

100 3801 163 3882 puli
183 3801 227 3860 sui
246 3785 459 3882 dissipationem
477 3799 580 3860 taeitos
599 3799 648 3861 diu
668 3800 776 3860 tulerit:
797 3805 884 3879 atque
902 3799 941 3858 ita
961 3797 1068 3863 laetum
1083 3799 1120 3857 sit
1134 3803 1168 3856 ut
1181 3815 1232 3854 mr-

121 3880 142 3939 ii
165 3883 225 3962 pro'
233 3879 350 3940 libidine
369 3880 464 3939 omnia
482 3879 648 3960 perderenta
665 3885 766 3960 postea
784 3877 984 3938 consolationis
1003 3877 1067 3938 loeo
1086 3875 1232 3948 subiioero,

100 3899 199 4020 iteum
221 3966 320 4020 tamen
342 3977 473 4040 praeesse
497 3958 583 4020 rebus
606 3959 746 4020 hamanis.
779 3957 850 4018 Mihi
873 3957 1100 4096 mutliplicat,
1124 3956 1232 4016 aoniae

99 4040 194 4120 primo
214 4037 335 4100 desonti
354 4057 441 4118 quarn
460 4037 644 4098 formidabilis
663 4040 738 4098 inter
756 4039 863 4118 primos
882 4044 978 4097 motus

100 4119 245 4198 potentia:
265 4117 368 4178 deinde
387 4117 495 4199 opponi
514 4115 569 4178 llsi
589 4118 739 4191 indidem,
756 4117 837 4198 quod
861 4117 976 4178 illorum
1001 4133 1167 4200 progressos
1187 4133 1230 4172 re·

100 4205 185 4278 penta
196 4203 315 4280 praeter
328 4216 409 4294 spem
424 4197 547 4278 abrupit.
565 4195 679 4258 Scimus
692 4198 768 4258 enim
782 4195 895 4278 impios,
915 4197 1046 4276 quamvn
1060 4213 1119 4254 non
1133 4199 1230 4274 aperto

100 4275 238 4358 abrogent
255 4275 323 4338 Deo
341 4277 506 4358 imperium:
524 4283 621 4338 tamen
639 4297 698 4338 non
717 4278 811 4338 minus
829 4277 965 4336 andaotor
982 4275 1018 4335 ad
1037 4293 1152 4334 ornnem
1172 4291 1230 4332 soe·

99 4356 189 4420 lasum
213 4353 358 4420 ttoenunm
376 4375 474 4434 mere,
498 4375 585 4440 quam
609 4357 634 4418 si
654 4355 838 4440 compedibus
856 4357 968 4418 vinetus
987 4357 1069 4416 esset.
1102 4353 1228 4416 Similem
1260 4414 1263 4426 ,

1007 4039 1092 4096 uisset
1106 4033 1231 4094 hostium
1330 4039 1338 4064 ⁸
