2804 4890
444 271 487 313 rs
516 268 681 314 ussum.
709 273 820 331 xrsvm.
873 263 888 272 ”
1153 285 1209 340 209

51 389 149 454 Deos
161 391 292 456 hostibus
309 393 417 456 murm
436 395 596 476 imprecari,
615 395 744 478 privatae
762 393 882 458 iniuriae
901 405 1043 482 respectu,
1054 422 1207 486 ¹quemque

51 477 199 532 nostrum
222 478 313 534 vetata
332 471 396 534 ties-i
413 493 472 534 non
491 481 588 556 potest
607 475 677 556 quin
696 475 817 536 atiectua
834 495 933 538 omnes
953 479 1003 573 qui
1023 499 1061 542 ex
1076 482 1141 544 odio
1157 503 1206 544 na·

51 547 198 625 munna,
226 553 292 648 cinq
314 551 479 620 turbulenti.
524 551 590 614 Nou
614 561 659 616 est
682 555 769 634 igitur
794 555 871 636 quod
896 553 1016 618 Damdie
1041 561 1206 644 exemplum

53 629 223 692 obtendant
242 652 293 712 qm
312 651 365 693 sua
384 635 553 714 intemperie
570 633 704 696 icruntm
723 635 1130 716 adexpetandamvindictam.
1150 633 1205 702 Ne·

50 729 119 789 que
144 711 222 772 euim
247 719 363 772 suumne
385 711 531 793 Propheta
554 715 668 794 privato
695 711 795 774 dolore
815 713 863 794 hic
882 715 1076 792 excandescit,
1100 727 1133 780 ut
1152 719 1203 782 ho·

48 797 119 850 stes
145 791 235 850 exitio
255 789 409 864 devoveat,
434 793 484 854 sed
505 791 635 874 deposito
654 795 746 854 carnis
766 793 881 870 affeetu,
901 793 937 855 de
956 815 988 856 re
1007 797 1068 878 ipsa
1088 799 1203 862 iudicat.

50 865 164 945 Quare
182 877 215 930 ut
234 871 328 952 impiis
347 871 422 932 mals
441 873 506 953 quis
524 880 667 954 precetur,
686 880 753 936 ante
772 873 865 934 omnis
904 873 1061 938 esturbatio
1081 877 1205 942 incessat
1333 870 1337 880 “

46 967 179 1021 necesse
202 957 254 1010 est.
295 949 408 1013 Deinde
431 951 588 1014 adhibenda
613 959 658 1016 eat
681 971 797 1034 quoqne
815 972 871 1034 pru
892 955 983 1029 entia,
1004 975 1041 1016 ne
1060 957 1203 1020 malorum

47 1048 136 1107 quae
161 1048 215 1090 noe
241 1029 401 1106 offendunt,
425 1031 483 1092 indi
522 1031 576 1092 itas
594 1031 632 1092 ad
650 1031 890 1092 inconsideratum
909 1033 1002 1094 uelum
1022 1055 1075 1095 noe
1093 1039 1202 1118 praeci·

48 1109 146 1202 pitet:
167 1109 256 1248 quod·
266 1111 335 1248 ipsis
355 1109 461 1172 Christi
499 1111 624 1194 iscipulis
643 1111 759 1186 accidit,
784 1111 851 1172 dum
873 1111 937 1192 igne
956 1113 1072 1176 coelesti
1091 1115 1202 1178 absumi

47 1207 91 1246 cu
115 1209 168 1248 run
228 1210 258 1249 m

47 1209 161 1348 Arius
186 1209 244 1328 hie
263 1269 379 1368 quidem
397 1289 429 1331 se
448 1271 542 1332 iacere
561 1271 647 1368 opteri
660 1279 721 1368 ,⁰3¹²
739 1269 820 1331 Elias
839 1271 986 1368 epompio:
1007 1271 1138 1336 Christus
1158 1283 1200 1336 ta-

46 1365 322 1492 nam
332 1367 492 1490 ιιι
510 1370 620 1507 ιι
638 1351 709 1491 ιι
749 1351 1200 1511 irriderentur:

47 1505 100 1566 lus
126 1507 211 1568 cordi
236 1510 273 1568 sit
297 1528 331 1570 ac
354 1529 452 1570 curae:
478 1511 518 1570 ita
563 1517 592 1572 et
616 1515 650 1570 ut
669 1529 727 1569 non
747 1509 835 1569 modo
854 1509 950 1569 locum
971 1511 1070 1572 demus
1090 1513 1199 1574 miseri-

49 1585 175 1648 cordiae
195 1585 262 1662 Dei,
281 1589 331 1648 sed
350 1591 434 1649 etiarn
455 1596 586 1671 optemus
606 1589 704 1650 reduci
723 1589 760 1648 ad
779 1605 877 1649 sanam
896 1595 1020 1651 menmm
1061 1592 1090 1650 ui
1111 1591 1197 1653 devo·

48 1671 85 1726 to
110 1669 211 1732 maimo
236 1669 370 1729 videntur
392 1671 424 1730 in
441 1687 523 1730 suam
543 1671 698 1752 perniciem
717 1687 808 1730 ruere.
849 1668 882 1730 tn
902 1687 1028 1743 summa,
1079 1673 1145 1731 avit
1165 1674 1198 1733 u

49 1743 108 1806 ber
134 1753 165 1808 et
185 1765 294 1808 saeuos
313 1749 391 1810 omni
411 1756 595 1832 praepostero
614 1751 738 1831 impetu,
757 1748 901 1830 praeditus
920 1750 1006 1810 etiam
1025 1748 1136 1831 Spiritu
1156 1752 1196 1812 di·

49 1829 209 1887 scretiouis
227 1835 258 1888 et
275 1829 383 1901 indicii,
408 1849 467 1889 non
491 1837 550 1890 tam
575 1848 657 1898 suam
681 1846 767 1910 quam
786 1821 842 1888 Dei
868 1847 982 1888 causam
1003 1826 1050 1888 hio
1069 1831 1139 1912 ogit:
1166 1838 1197 1892 et

49 1903 115 1966 lsae
133 1910 298 2004 precatione
316 1927 347 1970 ss
365 1915 395 1972 et
414 1910 485 1972 aiios
505 1908 604 1972 fideles
619 1909 776 1984 admonuit,
793 1909 907 1989 impios,
920 1909 1061 1988 quamvis
1072 1913 1108 1970 ast
1125 1918 1195 1971 tem·

49 2005 117 2066 pus
136 2007 253 2068 impone
272 1989 462 2069 proterviant,
486 1997 622 2050 venturos
640 1989 755 2050 tandem
775 1989 811 2048 ad
831 1987 954 2051 eroon
972 1987 1105 2072 tribuual²

138 2071 169 2129 5.
191 2073 271 2142 θιὼ
288 2091 351 2132 ssoss
369 2072 617 2132 animadvertunt.
646 2067 710 2130 Hoc
729 2087 815 2129 remu
833 2069 957 2128 radicem
976 2061 1128 2149 impietatis
1147 2067 1194 2130 de·

47 2145 135 2242 tepit⁹
154 2147 304 2244 improbos
323 2151 417 2213 diceus
436 2154 477 2212 ite
495 2170 557 2212 esse
576 2150 698 2211 audaces
716 2149 753 2210 ad
772 2147 947 2212 nocendums
968 2150 1036 2228 quia
1055 2149 1124 2210 duna
1140 2147 1191 2212 ho·

47 2225 183 2289 manibus
201 2227 297 2290 miesti
315 2236 397 2304 suut,
421 2250 477 2292 nec
496 2230 532 2292 ab
552 2231 611 2292 atla
630 2229 761 2292 maleficii
780 2231 874 2311 specie
893 2227 1043 2304 abstinent,
1062 2249 1194 2314 nonpm

47 2311 116 2366 tant
136 2306 194 2368 sitsi
213 2325 280 2371 curu
298 2307 366 2370 Deo
386 2329 448 2372 esse
466 2312 623 2392 negotium.
642 2309 705 2372 Etsi
723 2311 800 2370 enirn
820 2329 873 2370 eos
890 2311 991 2390 pungit
1009 2311 1193 2388 conscientia,

52 2405 84 2444 se
105 2392 209 2448 tamen
233 2387 374 2453 blanditiis
398 2389 573 2468 demetiam,
597 2391 769 2471 tandemque
789 2390 968 2453 contumacia
987 2389 1024 2450 ad
1042 2397 1191 2485 stuporem

48 2465 209 2532 obdurant.
247 2467 291 2530 Ao
313 2472 406 2550 psimp
428 2472 545 2552 quidem
565 2471 650 2534 rebus
669 2472 813 2552 prosperis
833 2470 913 2546 ebrii
932 2467 1029 2528 Deum
1048 2469 1101 2534 sibi
1121 2473 1190 2540 arni-

46 2564 120 2606 onm
140 2565 205 2614 esse
223 2546 347 2629 tingunt:
367 2549 456 2613 bonos
476 2571 545 2615 voro
564 2553 615 2632 qui
633 2552 730 2612 multis
749 2551 891 2612 remmom
911 2549 1039 2630 oppressi
1058 2555 1134 2624 sunt,
1153 2550 1189 2610 ab

46 2645 84 2686 eo
112 2645 177 2686 non
200 2630 305 2688 euntis
329 2629 452 2712 denique
476 2631 595 2694 fortuito
618 2632 707 2692 rotari
730 2631 885 2706 mundum,
908 2629 949 2692 ita
967 2635 1071 2710 sponte
1090 2648 1192 2703 caecu-¹

295 1187 413 1269 {agistro
436 1189 593 1273 hospitium
619 1209 656 1252 ne
692 1196 806 1266 verant,
826 1189 897 1250 Luc.
917 1209 980 1272 cap.
1001 1196 1034 1268 9,
1054 1211 1127 1255 vers.
1147 1197 1197 1260 54.

46 2707 129 2766 tiunt
147 2707 184 2776 ¹in
207 2707 284 2768 clara
310 2707 381 2772 luce
421 2709 472 2770 Sic
495 2711 649 2774 adversarii
669 2709 788 2772 Davidis
814 2729 904 2789 quum
930 2707 1059 2768 volentes
1077 2709 1189 2788 ignora·
1318 2717 1321 2722 '

45 2793 117 2846 rent
135 2803 204 2848 cnm
217 2785 362 2848 Divinitas
381 2797 508 2850 creatum
527 2807 590 2852 esse
609 2789 726 2871 Regem,
745 2790 856 2850 animos
875 2788 912 2848 ad
930 2806 998 2848 eum
1017 2808 1188 2868 persequen-

46 2865 123 2924 dum
147 2875 340 2962 eumpserunt.
380 2865 480 2946 Quare
499 2869 536 2930 de
554 2869 609 2930 hac
627 2889 728 2930 eorum
748 2887 842 2930 crassa
861 2869 1019 3006 iqprorsutia
1038 2869 1188 2948 conqueri-

44 2951 112 3004 turs
137 2954 221 3022 srcntr
246 2965 309 3008 eam
335 2950 502 3027 generaliter
525 2949 657 3012 omnibus
676 2949 770 3030 impiis
789 2967 879 3029 cxpro
901 2955 945 3006 rst
962 2945 1064 3012 Iosaias
1082 2954 1116 3021 5,
1137 2953 1188 3011 aur
1233 2993 1236 3005 ι
1292 2953 1294 2960 ’

44 3021 131 3084 Haec
177 3045 243 3086 erro
269 3025 397 3088 doctrina
421 3029 565 3109 duplicem
584 3049 669 3096 usum
688 3030 823 3090 continet.
867 3025 1022 3105 Quianon
1043 3027 1187 3090 mediocre
1311 3089 1318 3098 ,

45 3103 120 3164 titiis
173 3106 350 3170 eisotminm
370 3114 426 3182 est,
445 3109 484 3170 ita
504 3127 654 3188 perorasses
674 3109 824 3174 essedum
843 3109 941 3187 inique
960 3105 1186 3181 resurreetio
1207 3183 1211 3190 .

68 3183 231 3246 revidentia
257 3185 360 3246 utiliter
383 3191 510 3253 exerceri
533 3190 569 3250 ad
593 3191 772 3270 patientiam:
791 3195 828 3248 et
846 3186 931 3248 rebus
950 3186 978 3246 in
999 3187 1106 3246 mundo
1126 3192 1185 3246 tur-

85 3265 122 3322 tis
147 3266 347 3340 accentoris,
371 3265 467 3328 Deum
492 3267 590 3340 sedere
613 3245 802 3330 nihilominod
817 3269 847 3328 in
867 3267 948 3328 coeto
968 3265 1184 3326 moderatorem.

46 3339 166 3403 Deinde
189 3344 227 3404 ad
257 3345 427 3427 subigendos
456 3350 548 3409 carnis
577 3355 690 3410 normae
719 3351 843 3430 impetus
865 3347 1043 3429 aptissimum
1067 3351 1111 3406 est
1129 3343 1186 3406 hoc

45 3421 176 3498 uenum,
200 3443 238 3484 ne
256 3430 392 3506 tanquam
411 3425 577 3488 Andabatse
594 3431 624 3488 in
643 3427 765 3489 tenebris
785 3436 940 3500 certemus,
965 3425 1023 3484 assi
1038 3421 1119 3504 Deus
1137 3444 1185 3486 res

46 3499 193 3564 humanas
216 3523 277 3566 uon
296 3507 456 3588 respiceret.
496 3505 595 3586 Quare
612 3507 712 3570 sedulo
731 3514 864 3590 reputare
882 3507 1023 3566 discamus
1042 3522 1184 3588 quaeeun-

47 3601 106 3660 que
124 3581 207 3644 Deus
226 3591 341 3656 exercet
358 3587 471 3660 indicia,
491 3607 565 3668 quae
583 3588 701 3648 totidem
721 3595 789 3648 sunt
802 3587 924 3648 iustitiae
938 3587 1000 3649 sins
1014 3585 1045 3644 in
1058 3585 1183 3665 regendo

47 3657 182 3722 hnmano
201 3683 305 3744 genere
330 3665 509 3726 documenta.
549 3665 637 3746 Quod
661 3669 686 3728 si
707 3669 794 3728 etiarn
819 3667 916 3726 omnia
934 3664 1053 3726 contuse
1070 3665 1186 3726 misceri

48 3741 205 3821 contingat,
225 3741 291 3804 iidei
312 3745 411 3820 oculos
430 3745 466 3806 ad
486 3747 688 3808 consideranda
708 3747 820 3808 occulta
830 3743 889 3806 Dei
907 3743 1011 3805 iudicia
1030 3745 1183 3806 incoctum
1300 3749 1302 3758 ’

46 3819 177 3882 attaliae
200 3825 342 3884 convenit.
382 3823 441 3886 Sed
466 3811 556 3907 quum
574 3826 656 3888 Deus
680 3829 766 3886 etiam
790 3828 819 3886 in
843 3821 948 3904 m'apna
973 3825 1091 3906 caligine
1110 3845 1181 3884 nun-

47 3917 134 3992 quam
156 3899 265 3962 desinat
285 3903 413 3984 proferre
432 3907 571 3987 quaedem
592 3925 659 3966 suae
678 3905 873 3986 providentiae
893 3907 987 3986 signa,
1006 3903 1181 3964 inexcusabi-

46 3977 82 4036 lrs
101 3979 296 4046 socordis.est
313 3984 350 4043 ad
370 4003 404 4044 ea
419 4005 478 4046 non
493 3987 649 4062 attendere,
666 4005 753 4066 quam
768 3987 935 4067 pravitatem
951 3989 1104 4066 exaggerat
1113 3981 1182 4044 Pro-

45 4057 147 4136 pheta,
166 4061 272 4122 iterum
291 4070 422 4144 repetens
444 4069 527 4161 Opus
545 4087 687 4128 menoare
706 4069 773 4128 Det
813 4065 908 4126 innuit
927 4065 1018 4135 eninr,
1042 4061 1182 4142 reprobos

45 4141 566 4292 seon
579 4143 878 4306 ιιι
907 4143 1035 4300 ιι
1289 4171 1293 4178 ·

44 4295 94 4354 tiri
124 4297 193 4358 loeo
220 4317 285 4361 esse
309 4301 414 4362 volunt
427 4304 515 4384 qnod
539 4306 569 4364 in
594 4266 651 4365 hed
674 4323 759 4364 versu
782 4306 949 4387 praecessit:
974 4302 1032 4367 acsi
1055 4299 1182 4376 diximet

43 4371 191 4438 Bettninns
215 4377 263 4438 hie
286 4377 370 4440 imur
393 4400 442 4442 eos
466 4383 607 4460 desumet,
633 4383 684 4445 sed
707 4387 803 4465 potins
822 4379 1050 4525 sutqqndisndom
1067 4386 1113 4442 est
1129 4397 1180 4438 no-
1252 4371 1264 4390 ‘

66 4472 171 4516 ‘sirim
184 4473 206 4516 iu
221 4475 303 4519 Pron.
317 4477 380 4518 rn.
393 4478 412 4520 t.
1080 4498 1083 4507 =
