2854 4886
517 251 840 318 ‘tarsensem
890 305 900 318 .
1242 275 1263 334 ⁹

95 391 185 456 Dm
206 392 354 476 ungunt
376 393 475 480 elogio
494 392 773 474 Dardanorum,
797 413 867 468 tutu
889 397 1062 464 ammodo
1083 415 1260 480 supraem-

101 481 167 536 etos
186 473 346 551 mutulae,
365 476 419 538 sed
438 478 524 540 etiam
543 495 629 558 supra
639 473 767 558 Angelos
786 475 908 541 esum
928 473 1017 556 Quod
1035 477 1190 560 prudenter
1209 499 1259 542 ax·

181 555 207 616 ‘t
223 555 393 638 Apostolus
412 556 449 618 od
463 555 548 618 Hebr.
560 561 589 633 1,
601 557 643 630 5..
662 556 734 618 dum
746 556 803 618 boc
816 555 890 618 nulli
903 575 1032 638 unquam
1044 558 1157 640 anuto
1172 560 1260 625 luisse

244 637 394 700 admonet.
436 634 576 716 Quamvis
595 637 672 700 enim
690 636 809 718 Angelis
828 636 946 702 intenae
964 645 1039 702 esset
1058 638 1171 714 David,
1190 658 1260 720 qua·

98 723 188 776 tusus
208 723 318 780 umen
338 718 463 798 gemuit
481 715 589 784 chusi
606 735 768 798 personam,
787 718 889 778 merito
908 717 966 782 illia
985 717 1071 800 louge
1090 720 1259 800 praefertur.

97 795 250 892 Sei-amns
264 817 337 894 ergo
354 797 407 893 bic
416 795 473 858 Dei
487 795 653 892 tilinm‘non
667 817 758 859 unum
773 795 991 894 quempiam'en
1005 800 1113 872 multis,
1132 799 1182 862 sed
1197 801 1260 862 uni·

96 875 618 1038 ffiffliffl‘gilil
626 877 816 1038 dimili
829 877 1262 1020 attitulata
1283 926 1286 932 ‘

99 1055 246 1105 mm.
271 1038 322 1097 vel
344 1038 484 1098 notitiam.
524 1027 619 1098 David
643 1038 720 1098 enim
745 1039 859 1118 genitus
877 1057 894 1099 a
913 1035 978 1099 Deo
998 1038 1068 1113 luit,
1095 1039 1164 1100 dum
1184 1039 1261 1102 clare

101 1115 598 1278 emita?
610 1116 1261 1280 amuleta..
1294 1130 1296 1136 ·

181 1279 200 1292 ’“
236 1217 493 1360 unquamqbubr
511 1297 550 1338 ex
568 1276 634 1338 Deo
654 1279 780 1359 genuum
805 1279 872 1358 quis
890 1277 1000 1340 bomini
1014 1280 1137 1360 ,privato
1162 1285 1260 1340 tantus

170 1376 208 1418 os·
226 1355 332 1418 baberi
350 1375 410 1418 non
430 1363 550 1454 potent
569 1343 678 1418 Eadem
696 1359 727 1420 in
746 1357 862 1422 Christo
882 1377 1001 1440 qnoque
1019 1359 1122 1422 relatio
1136 1358 1260 1422 tsneuda

111 1441 168 1510 est,
192 1457 257 1500 non
278 1439 358 1498 euim
378 1445 489 1518 gaustus
509 1437 612 1512 dicitnr
629 1439 685 1500 nisi
703 1429 844 1518 mutnus
864 1437 950 1503 Pater
967 1437 1072 1500 Filium
1092 1459 1178 1502 suum
1196 1452 1260 1500 sose

112 1523 234 1577 testatus
254 1523 309 1578 est.
335 1515 405 1578 Scio
423 1517 520 1578 locum
539 1517 618 1579 hunc
637 1519 673 1579 dc
692 1525 807 1579 aeterna
822 1517 929 1580 Christi
948 1521 1129 1601 generatione
1148 1538 1171 1580 a
1185 1519 1261 1580 mul·
1283 1537 1294 1544 “

110 1595 151 1656 tis
169 1596 261 1658 fuisse
274 1598 463 1694 expositum,
487 1599 539 1683 qni
557 1605 586 1658 et
604 1600 635 1659 in
654 1597 791 1673 adverbio
810 1601 921 1674 Hodie,
947 1606 1046 1680 argute
1065 1599 1262 1698 philosophati
1278 1649 1286 1660 ,

112 1678 1261 1838 puppi,fiffiopffiphsffiegnlptpprpimpffimpeffipffl

119 1855 185 1918 esp.
202 1841 252 1912 13,
270 1839 318 1902 33.
338 1837 377 1898 ad
395 1837 476 1898 illam
536 1857 583 1898 em
602 1837 662 1898 dixi
680 1839 813 1898 eoelestis
831 1836 938 1898 Christi
956 1839 1064 1920 gloriae
1081 1839 1260 1898 demonstra·

123 1918 232 1978 tionem
254 1937 304 1980 nos
326 1923 454 1988 maneat.
583 1937 616 1978 ns
635 1937 705 1998 ergo
724 1917 812 1978 luisse
831 1917 943 1990 dicitur,
963 1938 1022 1980 non
1042 1924 1076 1978 ut
1094 1915 1183 1978 Filius
1203 1915 1261 1979 Dei

125 2011 201 2072 esse,
226 1997 316 2078 quoad
333 2016 379 2073 se,
402 1998 458 2058 inci
480 2004 555 2073 eret,
579 1997 629 2060 scd
655 1998 777 2060 uerutis
818 1997 945 2060 atefieret
968 1997 1085 2058 mundo.
1125 1995 1261 2077 Denique

122 2075 194 2137 baec
216 2078 342 2158 peritura
368 2095 429 2139 non
508 2084 611 2140 mutuo
630 2075 723 2138 Patris
741 2084 773 2140 et
791 2019 856 2138 filii
874 2097 919 2138 res
972 2077 1144 2158 inintelligi
1163 2075 1260 2139 debet:

119 2155 170 2216 sed
188 2155 303 2219 hatum
321 2156 472 2238 signifieat,
490 2176 557 2218 eum
574 2157 626 2237 qni
645 2157 739 2218 iuerat
758 2155 794 2218 ab
814 2159 928 2230 initioa
963 2157 1094 2224 conditus
1109 2159 1140 2218 in
1154 2175 1260 2218 ercam

119 2235 211 2318 Pstrp's
230 2237 307 2312 dnn,
326 2243 357 2298 et
375 2236 497 2298 obscure
517 2237 619 2298 deiude
639 2257 653 2298 a
707 2233 782 2318 Lege
801 2237 996 2312 adumbratus,
1015 2257 1054 2298 ex
1073 2257 1133 2317 quo
1152 2237 1261 2317 prodiit

119 2335 184 2378 mm
202 2317 291 2378 daris
308 2315 363 2378 inst
403 2315 476 2390 ibus,
495 2319 642 2397 cognitum
674 2317 748 2376 uisse
766 2313 823 2378 Dei
844 2315 960 2376 Filium:
980 2319 1066 2378 sicuti
1083 2317 1169 2380 eliam
1191 2317 1260 2376 dici-

110 2403 165 2474 tnr
181 2396 285 2460 lobon.
295 2401 325 2472 1,
341 2401 357 2460 1
381 2437 399 2472 .,
420 2395 631 2478 conspeximus
650 2397 771 2476 gloriam
790 2397 852 2459 cius
870 2403 920 2458 tan
943 2415 1010 2458 usus
1029 2395 1166 2478 unigeniti
1184 2393 1258 2456 Filii.
1353 2449 1356 2454 .

115 2475 210 2560 §insul
229 2484 330 2540 tamen
348 2478 486 2538 memoria
504 2476 659 2538 mmndum
679 2483 723 2537 est
782 2477 820 2536 od
840 2477 923 2538 docet
962 2477 1044 2536 atrius
1059 2479 1096 2536 ad
1111 2473 1259 2536 Romanoa

113 2559 208 2638 eapite
229 2563 264 2633 1,
284 2575 372 2618 versu
391 2556 435 2632 4.,
459 2555 548 2618 luisse
566 2555 741 2620 decussum
781 2557 912 2622 illumin
927 2555 1058 2696 potentia
1077 2556 1146 2616 dum
1166 2575 1260 2616 resur·

109 2638 189 2696 suxit
213 2633 392 2698 mmorhie
435 2635 561 2717 ideoque
584 2637 736 2718 praecipue
761 2637 791 2698 in
816 2635 892 2698 diem
915 2637 926 2694 i

109 2717 228 2778 dicitur.
276 2715 423 2796 Quicquid
447 2717 499 2791 sit,
522 2716 639 2778 solenne
663 2724 694 2778 et
715 2716 874 2798 legitimum
891 2713 1127 2776 manifestationis
1145 2721 1203 2776 tem
1225 2733 1261 2774 us

104 2795 245 2887 Spiritus
263 2803 380 2860 metus
399 2795 447 2858 tric
466 2796 608 2878 designat,
627 2796 710 2860 sicuti
729 2797 803 2861 inira
820 2795 898 2856 Psal.
919 2797 987 2870 118,
1007 2794 1071 2870 et,
1101 2792 1182 2856 Haec
1201 2731 1261 2854 ba

96 2881 206 2960 ‘qum
227 2876 302 2939 iecit·
314 2876 461 2952 domiuus,
481 2877 659 2938 exsultemus
677 2884 709 2938 et
727 2877 867 2940 laetemm
886 2877 917 2935 iu
936 2895 978 2938 ea.

197 2958 229 3020 Θ.
249 2959 379 3019 Postulo
397 2979 418 3017 e
435 2979 491 3020 nse.
514 2955 624 3016 Verum
644 2956 760 3037 quidem
779 2963 833 3032 eat,
852 2961 985 3036 rogatum
1003 2952 1091 3014 fuisse
1109 2970 1126 3011 a
1143 2949 1259 3016 Christo

107 3037 251 3114 Pastum,
274 3036 389 3098 loannis
408 3037 502 3118 eapite
521 3037 770 3117 decimoseptimo,
788 3054 876 3096 amau
894 3035 1013 3114 quinto,
1032 3037 1066 3092 ut
1084 3031 1179 3112 ipsum
1198 3031 1259 3112 glo·

108 3119 159 3180 ria
180 3123 314 3192 umet,
340 3135 428 3196 quam
452 3117 530 3198 apud
554 3135 622 3180 eum
647 3115 812 3197 possederat
835 3113 871 3174 ab
895 3113 975 3174 initio
1000 3117 1067 3172 aute
1087 3113 1260 3172 creationem

108 3198 235 3273 muudi.
261 3198 418 3278 simplicior
435 3204 533 3262 umen
552 3216 653 3258 sensus
672 3202 730 3270 est,
755 3195 834 3276 quod
852 3193 939 3256 Patet
958 3191 1029 3254 Filio
1056 3190 1127 3252 nillil
1146 3189 1262 3274 urgebit

112 3279 155 3338 de
173 3275 363 3360 propagando
383 3278 444 3338 eius
462 3297 552 3358 regno
570 3278 601 3338 in
621 3277 737 3338 ultimos
756 3295 850 3356 usque
868 3281 960 3336 terrae
978 3273 1060 3334 fines.
1100 3269 1159 3334 Sed
1177 3273 1208 3332 in
1227 3291 1261 3336 re

111 3377 195 3420 nova
218 3357 364 3418 inducitur
381 3356 513 3418 Christus
537 3376 599 3420 sese
618 3356 698 3418 Petri
718 3375 784 3418 eum
804 3345 935 3438 precibus
953 3355 1097 3426 offerens,
1117 3371 1175 3433 quo
1195 3353 1260 3414 illu·

115 3438 477 3599 uestram
495 3431 1277 3614 attrectamur

118 3597 225 3658 &mo
244 3595 317 3673 Dei,
340 3617 428 3679 penes
447 3617 514 3660 eum
532 3617 595 3658 rure
614 3617 758 3664 summum
777 3597 930 3678 imperium
948 3599 978 3654 et
996 3594 1127 3657 moetas
1145 3611 1262 3674 semper

117 3678 191 3755 init,
215 3685 249 3738 nt
267 3678 348 3740 nulla
367 3680 529 3740 accessione
547 3695 674 3738 cumbere
692 3679 831 3757 potuerit:
849 3682 947 3736 tamen
965 3673 1106 3734 exaltatus
1125 3673 1155 3732 in
1174 3689 1260 3732 carne

118 3758 185 3834 init,
204 3759 235 3819 in
254 3777 314 3840 qus
332 3758 464 3820 induerat
482 3757 558 3818 serm
577 3757 708 3818 formam.
749 3754 847 3834 Quare
865 3773 924 3816 nou
943 3759 988 3814 est
1007 3751 1063 3810 hee
1082 3751 1171 3810 sotius
1189 3747 1260 3812 Dci-

117 3839 186 3898 tatis
209 3839 352 3919 elogium,
376 3837 427 3900 aed
450 3838 487 3898 ad
512 3843 604 3900 tutam
627 3835 791 3898 Maceror-is
815 3852 967 3916 personam
991 3831 1167 3893 extenditur:
1192 3830 1260 3910 quia

89 3920 276 3999 *postqum
300 3919 461 3980 exinanitus
487 3917 542 3978 fuit
566 3916 713 3992 Christus,
736 3917 835 3978 datum
859 3915 901 3976 tlli
919 3913 975 3974 fuit
993 3929 1098 3972 nomen
1118 3909 1197 3991 quod
1216 3913 1262 3970 est

119 4017 206 4078 super
225 4017 313 4060 omne
331 4017 450 4073 nomen,
469 4003 503 4058 ut
521 4011 620 4078 coram
639 4017 675 4060 eo
694 3997 826 4058 flectatur
839 4013 924 4058 omne
937 4013 1026 4074 genu,
1046 3989 1170 4070 Philipp.
1186 3993 1215 4061 2,
1230 3991 1262 4052 9.

119 4076 298 4158 Qnmqtram
316 4084 420 4140 eutem
444 4081 549 4140 scimus
568 4075 711 4138 Davidem
736 4075 887 4156 praeclaris
912 4073 1038 4134 victoriis
1058 4071 1183 4152 potitum
1202 4069 1261 4130 late
1297 4071 1305 4094 ⁸

119 4149 262 4238 regnasse,
282 4163 316 4218 ut
334 4159 442 4220 multae
461 4165 560 4240 gentes
573 4158 615 4218 illi
629 4155 793 4220 tributariae
807 4155 923 4229 fuerint,
942 4153 1058 4212 minime
1072 4157 1168 4210 tamen
1183 4167 1260 4212 eom·

949 2655 998 2696 um
1024 2637 1161 2716 competit
1180 2633 1263 2715 quod
1375 2659 1377 2664 ¹

119 4237 229 4319 pletum
247 4239 280 4300 in
298 4257 335 4300 eo
354 4239 409 4300 luit
428 4239 508 4320 quod
527 4237 574 4298 bic
594 4237 705 4300 dicitur.
724 4233 837 4298 Nomai
852 4255 918 4296 eum
933 4233 995 4292 aliia
1011 4227 1183 4292 monarchiis
1199 4229 1261 4290 dns
1372 4253 1387 4274 ι·

121 4336 244 4400 ”ssfflffi
262 4319 408 4396 fflssftrtt,
433 4320 501 4380 satis
526 4319 655 4402 angustis
673 4315 778 4378 finibus
797 4316 938 4380 inclusum
957 4311 1019 4372 fuit
1059 4307 1127 4370 ldae
1146 4327 1184 4370 ne
1201 4307 1260 4370 tru-
1353 4329 1361 4344 ¹

120 4403 183 4460 Μ
197 4405 287 4484 tique
304 4399 392 4464 obem
411 4397 719 4464 memoratissimum
738 4395 796 4460 bec
814 4397 851 4460 ds
869 4397 1008 4462 ἱιιιιιιιιιει
1017 4387 1110 4492 Regni
1130 4388 1262 4482 amplisu.

542 4511 546 4518 .
918 4534 925 4540 ¹
1238 4513 1250 4544 a
