2748 4890
402 282 489 354 ¹trs
516 311 676 353 essum.
703 313 825 354 xxxvu.
1140 314 1193 374 231

49 432 201 516 Quisquis
224 433 293 496 bule
316 435 445 502 consilio⁴
461 435 586 518 parebit,
610 455 647 496 ex
671 435 800 498 borribill
824 421 884 519 quo
907 454 939 500 ss
962 437 1068 499 frustra
1093 459 1193 501 omues
1285 442 1287 453 '

48 517 193 597 fatigant,
215 515 380 596 labyrintho
399 524 537 596 emerget:
565 517 632 596 quia
652 517 702 576 ubi
720 518 833 598 negotia
851 523 949 578 nostra
969 517 1050 579 Deus
1070 521 1192 600 regenda

48 595 229 676 susceperit,
254 583 411 676 nunquam*
427 595 517 657 deerit
547 595 616 657 felix
641 615 795 656 successus.
835 596 918 658 Unde
936 599 1014 660 enim
1033 599 1067 659 fit
1086 607 1119 659 nt
1138 619 1192 660 uos

50 675 172 736 deserat
191 693 226 735 ae
244 675 403 751 frustretur,
422 676 479 736 nisi
496 677 564 756 qnia
583 677 610 736 ei
628 677 704 736 riam
715 677 932 756 praecludimus,
952 679 1071 739 nimium
1090 699 1192 762 sapere

51 755 139 814 nobis
161 753 309 816 volentes?
328 753 425 834 Quare
444 757 469 815 si
487 775 555 816 sum
678 757 880 836 permittimus,
903 755 1039 838 iungetur
1057 759 1118 839 ipse
1138 779 1192 819 suo

51 833 171 911 allicio,
195 851 290 932 neque
312 855 393 916 spem
417 841 544 896 nostram
606 916 611 927 Ι
703 835 786 897 sicuti
805 837 878 897 iuste
896 837 1121 899 incredulitatem
1140 859 1191 902 no·

51 921 302 1058 suarqpqpqtffl
320 1002 407 1079 quast
425 997 529 1055 ἱιιιιιωι.
569 993 731 1077 Occupatis
749 1001 801 1068 est,
826 1013 884 1076 qua
904 995 1092 1058 dubitationes
1110 955 1199 1079 pms

52 1075 138 1134 verrit
158 1093 232 1154 qnae
251 1093 304 1134 nos
323 1082 357 1134 ut
375 1074 528 1156 plurimum
540 1081 657 1154 angunt,
676 1075 745 1134 dum
763 1074 846 1135 nobis
865 1073 1101 1137 videmurDeum
1120 1094 1193 1159 pure

53 1153 193 1227 colendo,
215 1159 246 1214 et
269 1173 335 1214 eum
361 1155 499 1236 proximis
522 1154 597 1214 iuste
616 1155 739 1236 agendo,
765 1173 882 1237 operam
900 1155 1019 1216 lntlerer
1043 1157 1102 1218 into
1122 1158 1193 1218 dum
1226 1163 1232 1176 ’

52 1239 157 1294 nostra
181 1234 327 1315 integritas
351 1233 400 1294 vel
424 1233 619 1316 improborum
644 1235 791 1294 calumniis
815 1241 860 1295 est
878 1237 1020 1316 exposita,
1043 1237 1090 1296 vel
1108 1236 1192 1303 uobis

52 1313 196 1374 damnosa
215 1321 260 1373 est
280 1313 356 1395 apud
374 1312 512 1388 homiues,
531 1314 653 1394 ideoque
672 1315 825 1375 comtemni
846 1311 938 1374 aDeo
958 1315 1091 1378 creditur.
1131 1315 1191 1378 Da-

53 1393 105 1451 vid
126 1411 197 1474 ergo
215 1391 314 1454 Deum
371 1413 483 1453 esurum
501 1401 586 1534 nepai
605 1401 640 1453 nt
658 1413 770 1475 semper
789 1392 966 1454 intenebris
989 1395 1076 1455 lateat
1095 1402 1208 1458 uoatm'

53 1474 181 1544 institia,
205 1473 255 1532 sed
279 1475 328 1532 vin
349 1474 420 1534 'cem
443 1473 505 1534 eius
542 1492 607 1548 ore,
630 1479 665 1533 ut
684 1476 837 1555 conspicua
856 1473 976 1554 fulgeat,
996 1473 1066 1534 dum
1085 1475 1193 1536 educet

54 1551 220 1613 mercedem
238 1552 377 1633 rependet
396 1551 510 1633 qualem
529 1559 670 1634 optamus.
710 1551 802 1613 Porro
826 1552 862 1613 ad
881 1559 994 1614 uoctmn
1014 1553 1124 1630 alludit,
1143 1575 1192 1614 cu-

54 1633 103 1692 ius
121 1631 255 1692 tenebras
275 1649 377 1692 aurora
398 1651 432 1692 re
488 1639 517 1692 te
540 1634 671 1692 exoriens
695 1631 823 1692 discutit:
848 1635 907 1693 acsi
930 1633 1044 1708 diceret,
1069 1632 1193 1712 Quoties

55 1711 182 1794 indignev
193 1729 355 1792 gravamur,
374 1715 413 1782 et,
521 1710 575 1772 sibi
593 1711 764 1772 inocentiam
782 1715 911 1772 dostram
929 1712 1043 1792 probari
1063 1713 1192 1774 dissimu-

54 1791 107 1864 lat,
132 1811 194 1850 non
217 1809 280 1851 esse
298 1809 351 1851 cur
374 1809 428 1850 uos
448 1792 538 1871 magis
563 1789 714 1852 conturbet
737 1792 791 1850 ista
815 1792 993 1865 vicissitudo,
1017 1793 1192 1871 quamdam

57 1871 151 1932 noetis
170 1869 305 1931 tenebrae
324 1871 458 1952 operiunt
476 1877 593 1947 terram,
612 1871 680 1951 quia
700 1867 897 1932 dimnaelucis
916 1877 1091 1953 exspectatio
1111 1891 1192 1954 spem

56 1955 187 2012 noemam
205 1949 334 2012 serenet

149 2113 182 2182 7.
210 2113 277 2183 Sila
299 2111 450 2199 loborae,
479 2123 512 2184 et
537 2125 685 2208 exspecta
707 2136 796 2202 erun,
820 2137 863 2184 ne
889 2137 1075 2186 meeenseas
1096 2115 1130 2184 iu
1152 2138 1193 2184 eo

56 2221 112 2312 qui
135 2243 291 2314 prospere
319 2219 420 2312 dirigit
445 2219 530 2290 uam
556 2245 663 2307 suam,
688 2221 812 2290 inviro
841 2231 1040 2314 perpetrante
1066 2219 1192 2294 scelera.

54 2329 86 2396 8.
109 2327 235 2396 Desine
256 2327 296 2394 ab
317 2327 371 2411 ira,
398 2326 538 2419 relinque
563 2328 719 2412 furorem,
746 2351 788 2396 ne
813 2350 999 2397 succensens
1020 2327 1132 2419 utique
1152 2329 1194 2398 ad

53 2431 264 2525 peccandum.
309 2433 341 2500 9.
363 2432 523 2519 Quoniam
537 2433 673 2524 improbi
689 2433 882 2520 excidentur,
904 2443 1121 2526 exspectantes
1142 2457 1193 2502 au·
1316 2497 1326 2505 .

55 2537 292 2608 temlehovam
313 2537 501 2608 haereditate
523 2539 730 2630 possidebunt
750 2549 876 2610 terram.
897 2523 903 2543 ⁸
921 2541 974 2610 10.
985 2539 1100 2608 Adbuc
1120 2565 1194 2632 pau·
1271 2579 1274 2596 ι

50 2645 178 2728 lulum,
205 2654 240 2714 et
265 2667 333 2714 non
359 2644 419 2714 erit
438 2645 568 2738 impiusr
594 2656 627 2714 et
653 2646 796 2714 attendes
822 2647 864 2714 ad
889 2645 1108 2733 teruncius,
1134 2669 1194 2716 nec

52 2751 214 2820 invenies.
259 2751 312 2820 11.
334 2749 491 2819 Mansueti
511 2768 594 2820 'vero
622 2749 812 2821 haereditate
838 2749 1046 2844 possidebunt
1065 2763 1193 2840 terram,
1245 2771 1260 2783 ‘

54 2869 88 2928 ct
111 2855 352 2929 delectabuntur
373 2857 406 2926 lu
427 2855 627 2926 multitudine
648 2857 743 2951 pacis.

137 2985 169 3048 7.
188 2986 252 3046 sse
268 2987 403 3060 Istoooe,
422 2992 450 3046 et
468 2993 604 3066 exspecto
622 3007 695 3046 sons
734 2981 921 3064 Prosequitur
944 2983 1065 3046 eandem
1088 2983 1193 3046 doctri·

52 3063 1193 3224 ,iim,l‘siti‘mslmiuitioi'tliiffiiiidqiiii

52 3227 97 3284 tia
117 3241 179 3284 uon
198 3223 310 3304 vulgari
328 3242 402 3305 opus
420 3229 473 3306 est
513 3221 626 3284 Silenu'i
649 3242 719 3284 rero
738 3222 904 3304 metaphora
923 3223 1011 3304 (quae
1029 3221 1193 3304 bequeuter

52 3306 86 3364 in
106 3302 267 3384 Scripturis
286 3303 425 3382 euomuit)
439 3303 583 3384 aptissime
602 3303 726 3364 declarat
748 3302 815 3363 fidei
832 3309 980 3376 neumam,
1002 3319 1069 3362 nam
1093 3309 1128 3362 nt
1150 3301 1191 3363 al·

51 3382 152 3443 lectum
171 3381 263 3442 nostri
282 3379 347 3442 Deo
366 3381 544 3464 obstrepunt,
562 3383 604 3443 ita
625 3382 697 3443 fides
721 3383 752 3443 in
775 3381 919 3462 placidum
943 3380 1113 3462 obsequium
1136 3401 1193 3443 uos

54 3481 247 3542 componens,
263 3461 406 3522 tumultus
425 3481 525 3522 omnes
543 3463 574 3522 in
593 3460 725 3523 cordibus
739 3462 843 3522 uostris
863 3462 1025 3542 compescit.
1054 3459 1120 3522 Hoc
1137 3461 1192 3521 ita·
1287 3515 1290 3526 .

53 3560 117 3622 qne
136 3539 229 3601 verbo
249 3538 344 3601 David
362 3559 416 3600 nos
434 3541 603 3601 tumultuari
621 3547 713 3616 vetat,
737 3542 820 3602 sicuti
844 3540 951 3602 iaciunt
973 3539 1125 3626 ipereduli,
1144 3541 1192 3601 rel

56 3641 130 3680 cum
156 3619 273 3680 fremitu
296 3639 350 3680 nos
367 3639 520 3701 opponere
543 3621 605 3680 eius
630 3621 668 3681 im
690 3621 763 3696 erio,
783 3620 833 3680 sed
851 3619 955 3698 quietis
973 3619 1073 3679 animis
1092 3620 1193 3681 cedere

52 3707 91 3760 ut
109 3719 185 3780 opus
204 3717 291 3760 suurn
308 3701 339 3759 in
357 3701 470 3760 silentio
489 3707 615 3798 peragat
654 3641 746 3760 llbno
766 3701 832 3780 qnia
850 3684 925 3770 utu
947 3703 949 3714 “
978 3697 1087 3760 ebraeis
1112 3719 1190 3763 nuno

54 3779 265 3854 dolerennnc
285 3785 451 3861 exspectare
475 3780 628 3860 ugntfirut,
651 3780 766 3860 quidem
794 3775 915 3839 verbnm
939 3749 967 3846 5
996 3779 1100 3848 initii
1119 3779 1192 3839 acci·

77 3861 144 3920 iuut
162 3859 220 3919 boe
242 3857 308 3919 loeo
333 3879 386 3942 pro
405 3865 563 3940 temperate
586 3858 697 3931 dolere,
721 3859 768 3918 rel
791 3857 866 3918 isrra
911 3857 1030 3919 aruer
1054 3856 1191 3918 dolorem.

54 3881 226 4019 {implicitas
245 3940 332 3999 etiam
351 3943 448 4019 posset
465 3939 572 4022 exponi
590 3959 645 4020 pro
665 3937 760 3998 dolere
779 3933 875 3998 ebrum
964 3977 974 4012 ,
997 3943 1032 3996 ut
1055 3939 1135 3997 testis
1154 3938 1192 3997 sit

55 4019 189 4078 omnium
208 4023 371 4078 nostrarum
390 4017 606 4078 molestiarmna
622 4018 690 4099 quia
713 4017 783 4078 dnm
801 4016 919 4076 haerent
936 4014 1083 4090 inereduli,
1101 4017 1192 4097 inagis

54 4097 279 4158 obmurmurant
297 4103 396 4157 contra
414 4099 518 4176 ipsum,
538 4115 625 4178 quam
643 4115 709 4158 snas
728 4097 919 4176 qnarirmnias
943 4113 1041 4155 coram
1064 4113 1100 4155 eo
1125 4115 1191 4177 pro·

77 4183 178 4249 ouant,
198 4177 267 4257 qnia
286 4183 382 4236 tarncn
402 4175 529 4237 diversus
553 4195 653 4237 sensus
671 4177 761 4258 magis
780 4182 909 4256 receptus
928 4181 981 4248 est,
1000 4193 1054 4254 ego
1073 4191 1140 4235 eum
1159 4175 1191 4234 li·

53 4198 158 4318 benter
177 4256 347 4336 amplector,
372 4256 449 4336 quod
473 4257 581 4317 seilicet
599 4255 695 4316 David
719 4257 755 4315 ad
779 4275 860 4337 spem
883 4261 913 4315 et
935 4254 1114 4314 tolerantiam
1137 4273 1191 4315 nos

53 4335 196 4399 bortatur.
237 4333 313 4396 Nam
332 4335 435 4398 lesaias
453 4355 569 4416 quoquo
588 4355 649 4418 cap.
670 4339 718 4411 30,
738 4339 785 4398 15.
811 4353 892 4430 spem
916 4334 1027 4394 silentio
1047 4335 1193 4413 coniungit

54 4415 158 4480 eodem
177 4415 276 4480 seusu
315 4413 541 4498 Postearepetit
560 4415 639 4498 quod
658 4415 768 4478 dixerat
786 4433 880 4496 pumo
899 4433 993 4490 versu,
1014 4411 1057 4475 Ne
1077 4433 1192 4476 sumen-
