2748 4890
411 323 825 398 'turstattxxm
1154 329 1209 388 275

56 471 93 514 se
114 458 147 512 et
167 441 308 511 illilratum
324 449 353 509 in
367 465 433 508 vers
448 448 555 530 pietate
570 454 730 524 conservat,
750 455 904 532 postquam
919 449 955 511 dc
970 449 1090 514 aliorum
1100 448 1206 514 malitia

58 539 245 612 conquestus
255 537 307 590 αἱ.
322 527 430 589 Senam
440 535 570 608 ergoest,
576 527 718 608 Quamvis
732 531 820 590 tristis
829 537 859 590 et
868 530 1008 591 horrenda
1019 532 1147 592 conlusio
1158 551 1206 614 ap-

57 607 1207 770 {tussit-⁸:titillabittltffitttltttltlttt
1250 645 1252 652 ’

60 779 93 832 et
110 758 383 852 optimaoequila'ta
400 768 515 828 coelum
534 775 564 828 et
582 773 687 828 terrant
706 766 742 828 ab
761 770 770 828 i
807 771 913 849 oregi.
939 768 980 829 Et
997 775 1074 830 certe
1093 735 1205 851 quoties,
1225 777 1235 784 ’

59 853 178 912 animos
196 857 312 910 nostros
331 847 458 908 concutit
475 866 511 907 ae
529 848 657 928 percellit
675 849 764 909 mund
795 849 957 930 corruptio,
983 847 1141 911 cavendum
1160 857 1205 912 est

60 950 102 992 ne
127 949 231 1020 aensus
256 933 355 988 noster
377 927 511 1026 subsistat
533 929 563 987 in
588 927 734 988 bominum
758 929 865 1026 malitia
889 930 939 1008 qui
964 931 1084 989 miscent
1108 933 1205 1022 onpnia

60 1007 528 1176 tsfflttss‘tttlt
550 1007 1019 1168 titillet-attilii
1034 1007 1203 1172 litt:

59 1169 122 1230 Dei
141 1170 265 1228 virtutes
284 1187 336 1250 per
355 1167 554 1245 synecdochen
578 1171 739 1242 enumerat,
768 1167 930 1250 significans
954 1169 983 1227 in
1008 1188 1135 1240 summa,
1161 1171 1203 1228 in·

61 1247 273 1309 aestimabilem
293 1245 350 1307 Dei
369 1248 504 1306 virtutem
530 1265 564 1306 ac
587 1248 744 1328 potentiam
769 1267 835 1308 cum
859 1249 922 1330 pari
945 1237 1204 1333 imatua’reputrn‘·
1255 1265 1260 1274 ’

61 1331 132 1388 dam
157 1327 240 1387 nobis
264 1345 340 1402 esse,
370 1326 436 1406 linet
459 1327 598 1396 mundum
623 1333 730 1386 temere
748 1329 855 1388 versari
876 1329 962 1388 dictet
981 1329 1079 1387 camis·
1093 1344 1202 1387 sensns.

60 1407 228 1470 Bonitalem
247 1404 415 1487 Delosque
435 1405 471 1466 ad
491 1403 586 1466 coelos
612 1423 674 1466 esse
699 1406 980 1482 dieens,'altilndine
1004 1407 1101 1468 coelos
1125 1409 1203 1487 ipsos

61 1495 191 1567 oequme
210 1487 348 1566 intelligit.
388 1483 496 1545 Eadem
521 1487 631 1546 ratione
649 1486 776 1568 adiungit
795 1489 943 1548 veritatem
963 1487 1026 1546 eius
1044 1487 1203 1568 pertingere

61 1585 159 1647 osque
178 1565 215 1626 ad
234 1565 335 1631 nubes.
357 1563 451 1624 Poma
462 1566 566 1624 veritas
586 1563 642 1625 hoc
660 1565 726 1626 loco
741 1565 788 1626 vel
807 1585 861 1647 pro
881 1565 938 1626 lide
957 1565 1096 1647 accipitur
1115 1571 1202 1645 quam
1247 1580 1253 1596 ⁸

60 1645 148 1706 Dens
166 1647 197 1706 iu
217 1647 276 1728 suis
295 1647 441 1727 promissis
460 1650 599 1726 praestat:
619 1643 667 1705 vel
686 1662 740 1724 pro
758 1646 835 1706 iusto
849 1651 1074 1726 temperamento
1093 1647 1123 1706 in
1142 1665 1202 1724 qno

60 1725 174 1806 liquida
199 1731 229 1784 et
251 1726 367 1784 minime
391 1724 479 1784 fallax
503 1723 642 1783 rectitudo
666 1725 726 1784 eius
746 1725 922 1820 perspicitur.
961 1723 1020 1784 Sed
1040 1723 1203 1804 complures

60 1807 112 1866 alii
132 1805 190 1866 looi
209 1803 246 1863 ad
286 1803 466 1864 remissiones
485 1803 725 1882 reteneoogunt,
744 1823 774 1862 m
795 1803 898 1884 quibus
918 1803 1063 1864 emendis
1083 1801 1204 1862 fideliter

61 1885 120 1945 sibi
139 1889 252 1944 constal
297 1903 356 1942 ens.
376 1881 415 1942 Et
433 1883 562 1962 sequitur
581 1881 667 1941 eliam
686 1883 822 1942 muliano
841 1889 909 1977 post
926 1883 1049 1942 iustitiae
1069 1882 1203 1962 elogium,

63 1981 155 2043 quam
183 1963 303 2023 excelsis
330 1959 474 2021 montibus
498 1965 646 2040 comparat
669 1961 790 2035 (samus
812 1979 889 2020 enum
908 1961 1044 2021 Hebraeis
1063 1958 1204 2020 Divinum

61 2042 162 2101 vocari
183 2041 318 2121 quioquid
338 2039 463 2113 excellit)
484 2039 551 2119 quia
571 2041 630 2098 illio
649 2039 753 2098 clarius
777 2038 901 2120 refulget
923 2041 985 2099 eius
1008 2039 1106 2119 gloria.
1148 2037 1203 2099 Po·
1254 2067 1258 2075 =

61 2128 173 2181 strcmo
198 2121 280 2195 dicit,
308 2119 410 2180 indicia
430 2117 486 2178 Dei
512 2119 621 2198 magnis
645 2125 676 2177 et
699 2117 847 2198 profundis
871 2119 988 2198 abyssis·
1007 2119 1108 2179 similla
1128 2127 1203 2178 esset

62 2199 168 2282 quibus
189 2199 284 2259 verbis
303 2199 446 2272 admonet,
466 2215 640 2277 quocunqne
658 2198 932 2272 vertamusoeulos,
952 2217 1065 2258 sursum
1079 2205 1109 2259 et
1122 2191 1203 2260 teob

62 2299 129 2340 sum
148 2282 228 2339 insto
246 2277 303 2338 Dei
322 2279 428 2338 iudicio
448 2278 544 2336 omnia
564 2277 606 2336 dis
628 2277 684 2336 oni.
700 2274 797 2336 ¹Solet
816 2279 845 2336 in
865 2278 1009 2338 diversum
1029 2279 1211 2348 sensumots,

62 2361 116 2420 tari
133 2359 186 2419 hic
202 2358 299 2433 loeus,
329 2357 407 2438 quod
432 2355 539 2416 scilicet
563 2353 593 2415 iu
615 2356 666 2416 'cia
685 2353 742 2416 Dei
766 2363 882 2438 captum
902 2365 1033 2417 nostrum
1052 2359 1203 2436 longesu·
1331 2359 1337 2370 '

57 2445 184 2520 petent,
220 2439 333 2518 sintque
357 2437 447 2518 magis
471 2435 633 2496 abscondita
658 2455 746 2515 mam
775 2443 933 2496 uteorum
954 2439 1026 2497 ratio
1047 2433 1204 2518 apprehen

64 2519 159 2592 datur,
179 2537 234 2576 nec
251 2517 347 2598 inepte
366 2516 423 2576 huc
441 2522 556 2596 aptatur
574 2515 728 2574 similitudo
748 2514 851 2595 abyssi.
872 2515 970 2576 Latius
989 2523 1085 2577 tamen
1105 2522 1204 2598 patere

62 2597 188 2657 Davidis
207 2597 295 2656 verbo
315 2596 458 2676 bolligitor
476 2613 514 2654 ex
534 2595 681 2668 contextu,
699 2611 802 2674 nempe
822 2597 1013 2675 quantumvis
1025 2615 1128 2676 magua
1144 2615 1203 2672 see-

43 2678 156 2738 ‘lerum
178 2675 298 2756 abyssos
317 2677 392 2736 iuter
411 2675 540 2734 bominos
563 2673 703 2748 exundet,
731 2681 896 2754 terramque
920 2675 1037 2749 obruat,
1067 2676 1204 2734 maiorem

62 2763 161 2816 lamen
182 2775 245 2816 esse
285 2756 458 2816 rovtdeurine
477 2749 534 2812 Dei
553 2751 704 2831 abyssum,
732 2759 766 2813 ut
790 2756 863 2813 iuste
889 2753 986 2814 omnin
1006 2755 1204 2834 dispensatae
1280 2813 1284 2822 ,

63 2841 216 2916 temperet.
256 2775 467 2914 gnoties‘ergo
486 2835 516 2894 in
536 2849 628 2910 caeca
640 2839 669 2891 ct
688 2832 810 2892 obscura
828 2835 979 2894 iactatione
999 2834 1114 2892 vacillat
1134 2831 1203 2906 fides

61 2922 180 2990 nostra,
199 2912 296 2974 veniat
314 2914 397 2974 uobis
416 2915 446 2973 in
466 2919 605 2986 mentem,
628 2909 659 2971 in
678 2918 739 2971 tota
759 2912 859 2971 mundi
878 2911 1082 2991 gubsmalioue
1100 2912 1204 2971 iudicia

61 2995 122 3056 Dei
140 2995 246 3055 merito
266 2993 390 3054 conferri
408 2993 513 3073 abysso
533 3011 607 3072 quae
627 2991 738 3051 coelum
759 2998 787 3052 et
807 2997 912 3051 bream
930 2992 1032 3074 implet
1050 2999 1137 3070 atque
1156 3001 1205 3050 oc·

61 3081 164 3156 eupat,
184 3081 219 3134 nt
237 3076 375 3133 immenso
395 3091 445 3133 sua
465 3071 648 3152 amplitudine
668 3089 751 3131 curas
771 3090 869 3132 omnes
885 3077 998 3130 nostras
1012 3076 1042 3130 et
1057 3071 1205 3132 molestias

61 3155 213 3233 deglutiat.
245 3151 333 3232 Quod
352 3151 431 3211 addit
449 3153 479 3211 in
497 3151 685 3226 fineval-sus,
704 3157 764 3210 lam
783 3152 909 3210 iumenta
929 3169 1017 3230 qnam
1036 3150 1167 3209 homines
1187 3163 1205 3208 a

61 3233 131 3294 Deo
152 3235 274 3293 servari:
291 3233 352 3292 lrno
371 3237 490 3312 spectat,
510 3249 598 3310 quum
609 3229 740 3290 Dens'ad
756 3230 838 3291 bruto
851 3249 943 3310 nsque
962 3230 1092 3290 animalia
1106 3229 1206 3289 ourani

62 3333 148 3374 suam
170 3313 302 3392 dignetur
321 3311 485 3385 extendere,
509 3311 601 3370 multo
621 3311 712 3391 magis
731 3329 806 3370 eum·
818 3312 980 3391 prospicere
1000 3309 1085 3369 rebus
1104 3308 1205 3368 boma:

61 3395 119 3454 nis.
150 3390 278 3452 Etenna
297 3393 409 3472 quoties
429 3391 464 3450 de
483 3390 661 3472 providentia
681 3387 746 3456 Dei,
762 3389 874 3470 obrepit
899 3389 1052 3465 dubitatio,
1071 3391 1206 3470 clypeuni
1314 3430 1318 3446 ,

61 3473 145 3533 hune
170 3491 316 3553 opponere
341 3457 481 3530 convenii.
522 3468 595 3529 Fieri
619 3489 677 3528 non
701 3488 786 3550 posse
811 3475 844 3528 ut
870 3467 951 3529 Deus
981 3469 1031 3548 qui
1056 3467 1206 3550 pecoribut

63 3555 200 3612 alimenta
220 3551 392 3632 suppeditat,
412 3557 564 3629 tueturque
577 3551 606 3608 in
620 3569 673 3630 suo
689 3555 774 3618 statu,
794 3549 918 3630 negligat
933 3549 1090 3608 homanum
1108 3563 1206 3628 genos:

62 3631 141 3693 Nom
173 3629 252 3712 qnod
280 3633 407 3726 iumenta
437 3611 612 3709 quidam⁸dc
635 3628 768 3689 belluinis
793 3627 955 3692 homiuibus
981 3627 1133 3711 allegorice
1158 3644 1206 3685 ex·

63 3718 190 3794 ponunt,
209 3717 348 3790 tanquam
367 3709 451 3768 nimis
471 3715 603 3770 eoactum
623 3709 751 3787 repudio.

147 3793 177 3854 8.
210 3795 308 3866 Qum
327 3797 463 3871 pretioso
487 3797 530 3848 est
554 3789 669 3847 donitas
692 3795 756 3864 too.
797 3785 886 3865 Quod
912 3793 1063 3868 exponunt
1090 3778 1207 3870 quidam

61 3871 223 3952 pretiosam
243 3889 305 3930 esse
324 3869 503 3930 clementiam
517 3867 582 3940 Dei,
603 3873 632 3926 et
652 3869 793 3948 pretiosos
814 3869 863 3947 qui
879 3869 912 3926 in
933 3885 967 3927 ea
988 3865 1207 3926 conlidunt'lro·

62 3953 178 4011 minum
203 3949 294 4024 filios,
318 3968 335 4008 a
359 3948 455 4008 verbis
480 3954 624 4007 remotum
646 3953 698 4006 cst.
738 3944 830 4006 Nimis
856 3947 941 4007 etiam
962 3952 1062 4026 argute
1083 3945 1208 4024 quidam,

64 4031 130 4103 dlis,
151 4028 209 4089 hoc
228 4033 272 4088 est
281 4027 398 4107 Angelis
416 4033 446 4086 et
465 4025 530 4088 liliis
550 4025 700 4086 hominnm
719 4028 851 4086 eximiam
872 4023 999 4086 esseDei
1019 4025 1207 4084 elementiam.
1284 4087 1288 4094 ⁴

64 4107 104 4168 Et
129 4109 221 4169 miror
243 4105 388 4168 Rabbinos
413 4107 453 4165 ita
476 4123 626 4202 perperam
652 4106 754 4166 sudare
783 4107 813 4165 in
836 4105 1005 4164 fabricandis
1020 4104 1208 4172 'commende

64 4207 159 4268 quum
178 4207 232 4282 per
251 4207 282 4247 se
301 4187 441 4248 dilucidus
461 4194 497 4281 art
517 4183 678 4282 lJrophetae
692 4205 820 4282 sensns,
835 4204 939 4265 nempe
958 4183 1025 4277 quia
1044 4181 1210 4318 excelslipet

62 4264 1209 4426 titillattlttttttltttltst'tttttt‘initiatis:tt?

64 4445 143 4506 qnae
168 4445 200 4486 se
224 4427 254 4486 iu
279 4445 379 4488 ornnes
404 4431 562 4487 creaturas·
575 4423 720 4500 diffundit,
751 4431 828 4484 reete
838 4427 926 4566 ἔξεο
944 4420 1064 4499 iudicio)
1084 4419 1210 4479 sentiunt
