2726 4888
190 325 244 383 ΜΒ
628 321 918 365 s.csnrrsus

193 423 316 512 misceri
324 443 396 533 sel}
418 455 468 508 ant
488 466 628 510 venenum
650 449 727 524 cilo,
752 457 779 508 et
795 457 883 530 potat
903 457 1032 522 acetum,
1058 447 1141 507 sicuti
1159 447 1222 529 apud
1235 449 1281 511 lers-
1317 447 1318 450 ’

194 533 283 593 misus
306 533 354 605 11,
380 532 428 592 19.
453 531 565 588 mittere
590 529 696 608 liguum
722 529 752 588 in
778 547 895 607 panem:
925 527 1046 588 loannes
1072 534 1164 586 tamen
1187 547 1235 606 esp.
1254 535 1284 594 tt.
1317 519 1318 534 ¹

84 627 89 634 ·
195 613 271 672 vel-s.
291 612 338 674 29.
359 629 418 670 non
437 608 543 673 trustra
562 609 708 689 impletam
728 607 815 666 inisse
835 605 1011 688 Scriptorum
1030 613 1181 682 memorat,
1203 609 1239 667 uti
1253 613 1285 670 ui

195 692 259 752 lites
279 697 392 751 acetum
403 687 519 749 Christo
538 690 728 770 propinarunt
746 689 777 746 in
796 706 894 754 cruce:
915 687 982 768 quia
996 685 1102 746 visibili
1120 687 1195 766 signo
1212 707 1286 767 repere

195 772 302 832 sectari
326 773 356 830 in
376 768 492 828 Christo
518 789 535 828 o
558 771 646 828 ortoit
674 786 761 846 quam
787 765 900 848 reprobi
923 767 1121 826 crudelitatem
1144 771 1288 830 esermutin

197 853 258 910 eius
278 849 413 921 membra,
434 848 517 908 sicuti
532 789 652 918 iselam
672 851 721 920 22,
742 849 788 909 19.
810 847 942 920 diximus,
963 865 1055 926 quum
1076 846 1188 925 partitio
1204 849 1290 908 eudon

197 929 305 992 Christi
324 929 399 990 lacta
418 927 471 988 luit
490 928 565 988 inter
584 926 698 998 milites,
717 946 775 986 non
795 926 992 1006 introspective
1012 927 1096 986 citari
1111 943 1216 984 versum
1231 927 1291 1001 illum,

198 1009 298 1072 Portiti
318 1015 385 1073 sunt
403 1009 478 1067 inter
497 1027 527 1067 sc
547 1013 639 1066 vestes
658 1023 752 1080 meas,
777 1013 805 1066 et
830 1005 1075 1086 supervestitum
1096 1024 1188 1064 meum
1204 1007 1293 1066 iecenut

199 1091 319 1150 so'rtem:
345 1089 411 1148 licet
430 1083 526 1146 David
550 1085 670 1166 figurate
694 1085 832 1165 intelligat
857 1105 888 1146 se
913 1083 999 1144 fuisse
1018 1085 1186 1165 spoliatum,
1208 1104 1294 1165 suasque

199 1167 329 1230 iortunas
348 1171 438 1228 instar
476 1165 577 1226 raedae
596 1165 683 1224 inisse
703 1163 834 1244 direptas.
858 1163 1009 1224 Tenendus
1028 1173 1129 1229 tamen
1143 1165 1295 1244 gensinust

200 1268 314 1322 seusm,
339 1253 438 1308 sancto
456 1187 619 1341 impietae
643 1243 714 1306 nihil
738 1245 921 1307 relaxationis
945 1244 1032 1304 fuisse
1060 1243 1173 1302 datum:
1200 1247 1295 1323 quenad-

193 1327 318 1402 modum
339 1329 364 1386 si
383 1325 470 1386 homo
495 1344 597 1385 misere
623 1323 730 1404 alioqui
755 1325 890 1401 sillictus,
920 1321 1014 1384 cibum
1040 1341 1160 1404 quoque
1182 1331 1208 1385 et
1227 1331 1295 1405 potum

201 1408 387 1469 amarulentis
407 1411 574 1485 corruptum
594 1405 724 1486 reperiat.

273 1642 347 1710 aa.
370 1641 420 1710 Sit
440 1665 550 1712 mensa
573 1665 684 1712 eorum
707 1665 814 1710 coram
836 1639 912 1733 ipsis
933 1640 966 1710 in
982 1635 1148 1732 laqueum,
1168 1649 1197 1706 ct
1210 1637 1296 1729 parile

131 1813 133 1822 ,
203 1771 317 1818 eorum
344 1748 377 1816 in
404 1759 480 1818 rete.
524 1743 578 1817 24.
613 1747 867 1816 Obtenebrentur
899 1745 983 1816 oculi
1005 1769 1122 1816 eorum
1141 1769 1180 1812 ne
1203 1745 1296 1824 amnt,

205 1865 237 1924 et
258 1855 386 1936 lumbos
414 1876 525 1930 eorum
553 1879 679 1946 semper
700 1855 748 1922 lac
769 1854 957 1923 tremiscere.
1002 1853 1057 1920 25.
1092 1849 1220 1918 Effunde
1236 1873 1296 1940 snper

205 1983 262 2030 eos
284 1962 363 2030 iram
384 1971 484 2046 marn,
507 1972 539 2029 et
559 1961 647 2028 iuror
669 1959 888 2054 indignationis
910 1971 982 2028 tuae
1005 1957 1241 2050 comprehendat
1255 1979 1294 2022 eos.

128 2132 130 2145 ,
208 2067 263 2136 26.
292 2066 341 2136 Sit
363 2067 513 2158 palatium
535 2090 647 2136 eorum
669 2065 893 2150 desertum,·in
914 2065 1123 2134 tabernaculis
1145 2085 1241 2132 eorum
1257 2084 1294 2126 nor

208 2174 250 2266 sit
271 2173 424 2240 habitans.
470 2171 524 2239 27.
553 2173 635 2258 Quia
659 2195 756 2264 quem
776 2182 813 2238 tu
839 2172 1020 2263 percussisti
1045 2170 1222 2262 persequuti
1245 2177 1295 2241 sunt

207 2290 239 2349 et
261 2263 357 2369 sup'er
379 2277 522 2344 dolorem
538 2277 775 2346 vulneratorum
790 2288 920 2346 tuorum
936 2286 1153 2346 umnerarunt.
1175 2275 1220 2342 28.
1239 2271 1294 2338 idle

131 2389 135 2397 “
205 2385 402 2476 iniquitatem
430 2405 525 2472 super
551 2383 748 2474 iniquitatem
780 2407 906 2466 eorum,
939 2393 972 2452 et
1005 2407 1047 2452 ne
1074 2377 1294 2474 ingredianturia

207 2491 356 2570 iustitiam
384 2499 479 2556 tuam.
524 2489 577 2556 29.
602 2487 786 2558 Deleansur
815 2492 855 2559 de
881 2490 961 2558 libro
989 2485 1178 2569 viventium,
1206 2495 1292 2553 etum

207 2596 298 2666 iustis
319 2619 360 2663 ue
382 2593 566 2662 scribantur.
612 2594 665 2664 30.
695 2593 765 2689 Ego
787 2607 893 2664 autern
915 2605 1091 2688 pauperet
1113 2593 1227 2661 tloleus:
1242 2587 1294 2654 salu

208 2713 263 2770 tua
285 2699 434 2770 exaltabit
455 2724 518 2769 me.

288 2847 336 2908 23.
357 2849 405 2906 Sit
424 2867 525 2908 memo
544 2868 762 2909 eorumeorurn
776 2857 849 2932 ipsis
864 2857 897 2910 to
911 2851 1056 2931 loqueum.
1083 2845 1234 2926 Sequuntur
1247 2837 1293 2896 diue

210 2925 436 3012 imprecationes,
457 2927 486 2986 in
507 2925 610 3006 quibus
625 2928 778 2989 tenendum
793 2937 837 2990 est
852 2928 929 3008 quod
944 2929 1010 2986 alibi
1026 2927 1181 2996 docuimus,
1199 2919 1292 2980 llaridsn

211 3026 270 3066 non
295 3005 347 3070 sibi
372 3005 483 3064 laxasse
508 3006 646 3078 habenas,
676 3014 708 3066 ut
732 3007 818 3069 bilem
837 3027 918 3066 suam
938 3007 1123 3088 profunderet
1142 3001 1223 3082 (sicuti
1238 2999 1293 3056 nator

211 3071 1292 3244 atttruttuttttttttottt:ttttttrtsttttttt
1317 3087 1318 3110 ,

160 3322 164 3331 Ι
212 3243 314 3304 deinde
340 3263 399 3303 non
423 3245 515 3324 egisse
539 3245 680 3324 privatam
705 3263 835 3318 causam,
864 3247 915 3306 sed
932 3187 1043 3306 psarecto
1068 3246 1172 3325 gloriae
1193 3239 1235 3299 Dei
1255 3233 1291 3291 ult
1317 3239 1318 3248 ’

127 3373 131 3384 ,
211 3322 299 3400 inisse
316 3321 468 3403 impulsum
484 3329 517 3384 ut
532 3323 567 3386 ad
583 3326 643 3384 eius
658 3325 782 3386 tribuual
797 3327 896 3386 citaret
910 3327 948 3385 im
971 3328 1022 3386 ios.
1043 3323 1124 3384 Unde
1139 3317 1291 3382 etiumlactuu

213 3411 257 3464 est
276 3409 309 3460 ut
328 3401 491 3462 turbulenta
532 3405 643 3464 assione
662 3406 777 3464 minime
797 3403 930 3486 abreptus
950 3347 1047 3479 luerit,
1067 3405 1148 3464 sicuti
1167 3400 1209 3480 qui
1223 3397 1292 3472 seipsa

181 3515 184 3524 =
214 3481 312 3544 ulcissi
331 3485 458 3562 cupiunt.
500 3423 599 3560 guum
619 3503 688 3565 ergo
707 3481 729 3544 S
751 3485 832 3544 iritus
852 3485 1025 3580 prudentiae,
1045 3481 1207 3546 rectitudinis
1221 3481 1242 3534 et
1255 3489 1289 3563 ur

213 3561 369 3622 deratiouis
399 3561 450 3620 has
479 3562 696 3643 imprecationes
726 3507 875 3624 ‹lictamrrt
898 3563 1018 3638 Davidi,
1047 3585 1106 3624 non
1134 3567 1174 3622 est
1197 3574 1236 3616 cnr
1256 3564 1290 3606 ult

214 3639 379 3720 exemplum
400 3640 555 3716 obtendant
568 3643 680 3722 quivel
695 3663 776 3704 suam
796 3639 967 3704 iracundiam
989 3649 1125 3704 evomunt
1142 3642 1168 3700 in
1185 3629 1289 3717 quoslitstf

179 3797 182 3804 ,
214 3719 260 3780 vel
285 3719 460 3798 impatientia
485 3739 633 3800 perperam
658 3721 786 3784 leruntur
811 3723 846 3782 ad
871 3723 1039 3797 vindictam,
1068 3729 1102 3782 ut
1125 3735 1205 3799 neque
1226 3711 1289 3770 intent

215 3798 319 3859 sintin
339 3805 450 3878 rectum
469 3797 570 3874 finem,
594 3821 687 3884 neque
705 3803 822 3862 modum
843 3809 964 3862 servent.
1004 3800 1156 3862 Prudentia
1172 3796 1230 3856 eoin
1245 3800 1288 3865 epu
1317 3805 1318 3864 t

215 3883 274 3950 cst,
295 3877 528 3960 quaeldiscemat
546 3882 621 3940 inter
639 3876 792 3963 reprobos',
812 3889 842 3941 et
862 3883 911 3962 qui
931 3879 1024 3940 adhuc
1042 3888 1110 3942 sont
1128 3873 1245 3938 sanabiles:
1263 3880 1286 3952 “5

216 3957 362 4032 ctitudine,
384 3963 415 4016 ut
434 3978 521 4018 nemo
542 3961 672 4040 privatim
692 3961 744 4020 sibi
764 3963 801 4020 sit
820 3960 960 4021 addictuse
981 3961 1175 4031 moderatore,
1191 3961 1286 4034 quaeso·
1317 3989 1318 4004 2

217 4054 282 4097 mos
302 4035 338 4095 ad
358 4037 499 4116 placidam
518 4039 695 4114 tolerantiam
715 4047 877 4121 componat.
908 4039 987 4100 llaec
1006 4043 1059 4100 tria
1079 4057 1162 4120 quum
1178 4027 1200 4091 il
1215 4019 1284 4087 Dicite
1317 4031 1318 4066 ³

216 4115 305 4178 luisse
329 4117 445 4176 minime
470 4117 587 4178 dubium
613 4120 664 4192 sit,
688 4120 815 4198 quisuis
840 4139 906 4180 eum
947 4119 1015 4180 robe
1035 4121 1135 4179 imitari
1153 4112 1235 4192 cupiet,
1250 4115 1284 4195 att

216 4199 323 4288 temere
348 4213 433 4256 caeco
458 4197 566 4276 impetu
590 4198 716 4276 prosiliat
740 4140 775 4257 ai
802 4199 889 4258 dirase
915 4139 1016 4259 lleindc
1040 4200 1188 4280 compescat
1206 4179 1284 4280 spilla

217 4272 306 4332 animi
325 4274 369 4331 sui
390 4276 548 4353 passiones:
568 4293 660 4354 neque
680 4276 733 4336 sibi
752 4279 885 4356 privatim
904 4279 942 4337 sit
961 4278 1097 4350 addictus,
1117 4267 1282 4344 massonam

219 4347 394 4444 affectusque
413 4351 450 4410 ad
469 4355 660 4432 quaerendam
679 4353 734 4414 Ilei
761 4355 880 4436 gloriam
905 4357 1024 4418 adiiciat.
1065 4354 1196 4434 Denique,
1215 4351 1236 4403 ut
1248 4351 1283 4393 reu

221 4447 309 4488 srmus
327 4431 483 4490 imitatores
505 4430 637 4512 Doridis,
660 4436 785 4516 primum
804 4436 921 4498 induere
941 4435 1046 4498 Clsridi
1061 4427 1199 4517 ‘personam
1213 4428 1284 4483 „sess
