2818 4886
1364 38 1372 56 Ι

189 289 240 348 164
376 295 394 344 .'
584 291 904 360 ,evacuemus

190 425 265 478 otor:
285 433 387 497 nempe
407 417 440 474 ut
459 419 595 493 queratur
613 412 717 488 David,
736 415 767 474 in
787 433 909 496 corpore
928 413 1018 476 macie
1037 414 1171 480 contorto
1190 433 1256 476 ossa
1278 433 1330 498 ap-

190 491 1330 654 utut²stutttttt⁰tt.¹ttt..tt⁰¹tttmtumultun·

191 659 276 718 stium
296 653 452 724 saevitiam,
472 659 504 712 ut
523 653 657 712 mismum
678 652 822 712 lrornioem
844 615 984 733 languore
1004 654 1175 726 conlectum,
1195 661 1226 714 et
1270 657 1332 714 nasi

190 735 319 828 tabidum
339 739 495 804 cernentes,
515 732 615 826 coulpe
624 738 728 810 ‚tumen
738 739 803 828 ⁸taor
822 734 894 818 tristi
905 733 1067 828 spectaculo
1081 739 1207 828 pascapt.
1240 674 1333 828 (bapti

81 849 86 862 “
153 833 325 956 'titttt
346 810 1024 972 utttttttt‘tttttt.tttttttt
1040 819 1102 952 tt
1115 812 1334 966 {mitelli

194 975 287 1034 solent
307 973 428 1030 victores
448 969 495 1028 vel
515 971 605 1048 spolia
626 969 756 1050 diripere,
777 969 823 1028 vel
833 971 907 1030 iuter
916 989 947 1030 se
957 972 1052 1030 sortiri
1072 913 1258 1050 qnidbbique
1282 971 1333 1031 ob

192 1056 291 1132 tingat.
331 1049 391 1108 Sua
415 1049 490 1111 eninr
514 1056 695 1118 ornamento,
720 1069 790 1130 opes
809 1068 875 1108 suas
898 1056 928 1109 et
947 1067 1134 1130 quaecunque
1153 1051 1334 1130 possederat,

114 1137 119 1150 ’
195 1131 319 1194 vestibus
345 1147 528 1208 comparans,
553 1131 752 1206 conqueritur,
766 1135 928 1208 ‘postquam
953 1129 1008 1188 illis
1032 1130 1245 1209 spoliatua'eet,
1265 1150 1332 1190 cum

196 1211 317 1274 ludibrio
337 1211 411 1268 inter
429 1207 526 1266 hostes
546 1206 632 1266 dividi
653 1203 788 1286 tanquam
810 1210 967 1288 praemium
987 1210 1135 1283 victoriae,
1159 1228 1220 1288 quo
1240 1211 1335 1288 magis

197 1297 314 1371 augetur
333 1287 493 1367 indiguitar,
512 1288 579 1366 quia
599 1305 658 1381 nou
678 1305 760 1382 secus
779 1305 814 1346 ac
834 1288 868 1382 dp
883 1287 997 1348 homine
1017 1295 1131 1350 mortuo
1151 1289 1333 1368 triumphurn

195 1365 1213 1526 utu...ttttttttlttlttitttttttulsstttttt
1227 1368 1336 1508 {tt-¹:

196 1531 340 1603 sciremus,
366 1529 394 1586 in
419 1525 475 1586 hoc
495 1523 608 1592 Psalmo
630 1524 777 1584 Christum
801 1525 883 1584 uobis
908 1525 1076 1605 prophetico
1096 1525 1206 1606 Spiritu
1227 1527 1334 1586 descri-

195 1618 278 1692 ptum
298 1627 369 1681 esee,
389 1626 489 1666 eorum
509 1620 583 1686 quae
608 1603 773 1664 adumbrata
798 1611 865 1664 suut
887 1606 918 1664 in
938 1604 1049 1664 Doride
1074 1605 1181 1664 visibile
1207 1607 1335 1688 comple·
1401 1609 1402 1692 l

196 1696 324 1750 mentum
345 1687 474 1748 coelestis
486 1684 570 1744 Pater
589 1688 617 1744 in
638 1683 831 1765 persoanilii
852 1685 895 1743 rui
915 1691 1026 1746 exstare
1045 1685 1145 1746 voluit.
1171 1685 1334 1746 blattlaaeus
1401 1703 1402 1736 ι

196 1788 258 1848 cap.
280 1771 308 1840 8,
330 1769 376 1830 17.
398 1766 567 1846 paraliticos,
588 1784 696 1838 caecos,
717 1773 746 1824 et
765 1763 882 1822 claudos
906 1766 965 1822 suia
990 1764 1095 1824 morbis
1120 1772 1236 1824 sanatos
1261 1766 1352 1826 rete?

197 1867 271 1922 reor,
292 1846 346 1906 boc
363 1845 452 1906 modo
465 1847 645 1926 'completum
666 1844 753 1904 luisse
773 1841 953 1904 dicitleeaiae
968 1845 1141 1918 vaticinium,
1161 1844 1242 1924 quod
1251 1843 1332 1904 Cirr-i-

198 1935 259 1988 stus
280 1925 315 1986 ad
336 1925 474 1984 tollendas
494 1931 606 1984 nostras
626 1925 915 1984 infirmitatesmiesos
934 1921 1030 1982 iurent:
1052 1943 1141 2002 quum
1156 1929 1253 1984 tamen
1265 1922 1335 1983 Pro-

195 2007 284 2088 pheta
304 2027 318 2062 s
341 2004 479 2064 'ritualem
500 2005 557 2064 illic
577 2005 718 2064 medicum
736 2003 820 2078 nobis
839 2001 941 2062 Filium
957 2001 1012 2062 Dei
1033 2009 1181 2082 proponat.
1222 2001 1284 2062 seu
1303 2012 1337 2064 nt

198 2087 234 2146 ad
264 2103 311 2144 ere
332 2085 436 2144 endum
466 2083 539 2142 tardi
559 2103 658 2142 eumue
676 2090 708 2144 et
726 2082 864 2156 difficiles,
893 2081 963 2140 nibil
988 2082 1092 2141 mirum
1118 2084 1142 2140 si
1182 2101 1216 2142 ro
1236 2089 1335 2142 nemra

199 2165 324 2224 crassitie
344 2161 490 2242 palpabilis
511 2162 715 2222 demonstratio
733 2161 816 2245 upbis
836 2161 890 2222 luit
903 2160 1037 2237 exhibita,
1057 2101 1181 2241 quaead)
1196 2181 1335 2244 experge-

199 2241 357 2320 lapieudum
379 2249 523 2321 stuporem
543 2249 672 2300 nostrum
691 2242 843 2302 sufficeret.

208 2365 211 2370 -
237 2341 241 2349 ¹
278 2325 327 2382 20.
347 2323 441 2380 Et'tu
461 2323 580 2380 letone.
619 2319 791 2418 Tenendunq
812 2321 950 2381 memoria
974 2327 1017 2380 est
1037 2320 1172 2408 quiequid
1196 2319 1336 2381 haetenus

200 2403 236 2462 de
255 2420 285 2461 ee
309 2402 445 2480 exposuit
469 2397 573 2460 David.
614 2399 688 2460 Nam
734 2419 802 2460 uum
827 2399 898 2460 nihil
922 2401 959 2460 ad
983 2402 1162 2460 miseriarum
1185 2401 1337 2460 cumulum

195 2482 324 2547 deerret,
349 2498 403 2538 nec
426 2480 540 2540 interim
565 2479 685 2541 scintilla
737 2480 765 2540 la
783 2481 899 2540 micaret
918 2481 1031 2540 loturae
1049 2479 1236 2540 inertioris:
1251 2480 1337 2560 quod

199 2579 258 2621 uon
278 2559 370 2618 solum
392 2559 531 2636 patienter
550 2559 673 2630 duravit,
693 2559 746 2619 eed
766 2579 803 2618 ex
818 2559 1022 2640 desperationis
1041 2559 1148 2639 abysso
1164 2561 1282 2620 macrait
1299 2559 1338 2618 ad

199 2639 255 2698 Dei
274 2639 494 2712 invocationem,
512 2639 677 2700 admirabile
696 2646 739 2699 est
758 2638 824 2704 srdei
844 2639 1055 2700 documentum.
1095 2637 1236 2700 Notemus
1255 2657 1337 2720 erqo,

199 2718 341 2780 Davidem
367 2735 433 2777 suas
457 2717 672 2780 lamentationes
696 2739 758 2779 non
781 2719 888 2782 tooure
912 2727 1046 2800 tanquam
1070 2737 1158 2786 vanae
1182 2726 1214 2778 et
1232 2720 1338 2790 irritas,

200 2803 233 2858 ut
252 2817 338 2878 serpe
357 2798 438 2856 anxii
454 2797 584 2859 homines
603 2807 710 2860 temero
729 2799 883 2879 proliciunt
907 2819 974 2858 euos
993 2801 1129 2878 gemitus:
1148 2800 1217 2878 quia
1236 2815 1338 2878 preces

199 2878 312 2937 additae
331 2878 399 2936 satis
420 2877 615 2937 demonstrant
634 2897 762 2960 sperasse
777 2897 864 2959 quem
879 2879 996 2959 optabat
1015 2876 1132 2956 eadum.
1164 2877 1225 2938 lmo
1242 2897 1338 2957 quum

199 2957 296 3017 Deum
321 2958 448 3016 nominat
472 2976 552 3018 suam
577 2959 787 3030 tortitudinem,
812 2959 842 3018 in
866 2958 923 3018 hoc
946 2957 1071 3037 epitheto
1091 2957 1195 3017 clarius
1213 2956 1339 3016 fiduciae

201 3055 269 3097 suae
294 3039 487 3098 testimonium
511 3037 610 3098 reddit.
651 3035 717 3098 Non
742 3040 818 3098 enim
844 3037 1006 3098 dubitanter
1030 3039 1154 3118 concipit
1178 3055 1231 3095 sua
1257 3043 1339 3108 vota,

80 3121 88 3132 “
121 3161 125 3170 .
201 3117 250 3176 sed
271 3115 324 3176 sibi
347 3117 488 3196 promittit
513 3117 591 3196 quod
615 3118 743 3178 nondum
768 3119 846 3178 videt
865 3117 1014 3176 auxilinm.
1052 3115 1108 3175 Per
1125 3117 1265 3198 gladium
1285 3136 1339 3196 per

200 3219 321 3256 menum
340 3203 434 3268 mnis,
453 3213 505 3274 per
516 3217 557 3256 ¹os
576 3199 677 3271 leonte
696 3206 726 3257 et
744 3221 859 3265 cesarea
870 3205 1057 3264 unicornium
1070 3197 1236 3276 intelligitur
1255 3215 1339 3276 prae·

201 3295 267 3334 sens
287 3276 387 3335 mortis
407 3275 574 3354 periculum,
593 3283 622 3336 et
641 3277 757 3357 quidem
766 3277 927 3360 multiplea.
958 3275 1039 3335 Unde
1058 3276 1225 3356 colligimus,
1245 3295 1340 3355 quum

202 3351 735 3496 lidelmi?,lilllusimmili
756 3355 1048 3498 titutatttt.
1061 3355 1340 3510 *tuimet

203 3473 473 3573 dntmom’uateum
498 3455 555 3595 prb,
579 3533 645 3574 cara
675 3522 704 3575 et
729 3457 852 3596 plretioea
877 3515 993 3596 qnidam
1017 3456 1170 3594 accipilrnt,
1189 3533 1249 3574 non
1269 3533 1340 3574 con·

201 3593 293 3651 venit:
314 3592 380 3670 quia
401 3593 496 3672 potius
516 3593 664 3674 siguificat,
683 3597 758 3654 inter
776 3603 821 3656 tot
839 3603 946 3656 mortes
970 3595 1042 3676 nibil
1065 3593 1118 3654 sibi
1143 3595 1205 3674 opis
1223 3595 1255 3654 in
1275 3600 1339 3673 toto

201 3671 309 3732 mundo
330 3671 434 3745 offerri,
454 3674 536 3732 siculi
555 3672 672 3734 Psalmo
691 3675 740 3747 35,
759 3678 807 3738 17.
827 3675 927 3735 eodrin
948 3691 1034 3735 seusu
1058 3675 1142 3734 unica
1166 3675 1260 3733 aniula
1286 3693 1338 3753 po·

171 3777 176 3795 ·
201 3753 278 3810 odor
297 3771 350 3832 pro
370 3751 504 3824 solitaria,
524 3759 553 3812 et
573 3771 646 3832 quae
665 3753 796 3814 subsidiis
808 3755 938 3814 omnibus
958 3755 1132 3815 destituitur:
1152 3753 1231 3832 quod
1250 3755 1341 3814 eb'am

200 3851 238 3892 ex
259 3829 374 3889 Psalmo
391 3832 439 3902 25,
460 3834 508 3894 16.
529 3832 631 3892 clarius
651 3834 768 3914 patebit.
793 3833 840 3894 ubi
864 3853 1021 3915 pauperem
1034 3841 1075 3894 ‘et
1098 3835 1215 3894 unicum
1234 3852 1267 3892 se
1288 3853 1340 3892 vo-

201 3929 270 3970 caus
289 3907 396 3982 David,
415 3909 492 3969 haud
512 3911 596 3971 dubie
615 3916 713 3973 amicis
734 3914 1060 3987 omnibusseorbatum,
1080 3919 1110 3972 et
1128 3913 1340 3974 atotomundo

162 4001 168 4026 ¹
201 3990 344 4050 desertum
365 3991 556 4068 conqueritur.
576 3991 609 4050 lu
628 3991 685 4052 sine
705 3996 753 4054 22.
773 4013 881 4066 versus,
902 3993 1071 4067 ubidicitur,
1092 3991 1244 4074 Responde
1258 3993 1341 4066 milri,

200 4069 248 4128 vel
269 4065 380 4127 Exaudi
400 4088 447 4128 me
465 4087 483 4128 a
502 4071 649 4130 cornibus:
669 4091 833 4152 quanquam
854 4075 986 4153 loquutio
1005 4071 1144 4133 Hebraico
1158 4071 1269 4134 Latinis
1289 4091 1343 4132 au·

201 4147 279 4206 vibus
304 4167 364 4206 non
383 4143 454 4207 nihil
479 4148 598 4209 obseura
622 4159 679 4210 cst:
704 4171 803 4212 senene
827 4158 923 4214 menen
948 4173 1007 4212 non
1026 4159 1072 4212 est
1091 4153 1251 4235 ambigam,
1271 4154 1343 4233 quia

74 4224 80 4244 '
201 4234 313 4286 tanturn
339 4245 423 4286 causa
447 4247 501 4309 pro
526 4229 629 4308 ellectu
652 4233 777 4312 ponitur.
821 4229 891 4292 lude
916 4233 992 4292 enim
1017 4232 1163 4306 liberatio,
1191 4233 1261 4313 quia
1286 4253 1359 4291 nos.

201 4307 282 4366 Deus
312 4307 437 4366 exaudit
487 4305 521 4368 Si
553 4316 636 4389 roget
665 4311 806 4390 quispiam
837 4313 983 4392 quomodo
1014 4311 1070 4372 laoc
1096 4311 1213 4372 Christo
1242 4313 1341 4393 aptari

201 4386 300 4466 possit,
322 4403 407 4465 quern
429 4385 514 4448 Pater
533 4407 591 4450 nou
610 4389 716 4471 eripuit
734 4397 870 4474 amone:
892 4390 1051 4474 respondeo
1065 4391 1232 4470 uudverbo,
1252 4391 1344 4454 luisse
