2804 4890
90 2226 112 2283 ¹,
202 2211 311 2272 Verum
330 2211 381 2291 qui

79 3239 88 3258 '
200 3256 298 3310 tenere
317 3249 441 3308 clausas:
461 3255 491 3308 et
510 3249 653 3328 eleganter
667 3248 812 3330 Propheta
829 3251 908 3309 iusso

197 257 251 316 245
621 253 910 300 scansurus

199 381 314 466 plilloat,
334 377 413 462 qood
431 375 577 446 solounlu
595 383 756 452 contentus,
776 395 870 457 neque
879 375 1061 438 accersiverit
1071 374 1188 437 aliunde
1205 373 1352 460 puba'die,

146 547 148 554 ⁴
198 455 1200 618 tttttlttrtttttut‘‘tutttttttttttl'tit
1213 456 1351 617 :iffi

102 705 103 710 ι
183 625 487 778 ,t‘tttgttttt
511 613 1353 780 iiiiiiiiffietuiiehiliiiissi¹¹nti³nl

159 794 164 804 '
201 782 308 861 ligitur,
329 779 467 836 mundum
487 795 539 858 per
557 783 704 838 aeteruum
723 718 781 836 Bet
804 794 979 849 sermonen,
1004 757 1055 855 qiri
1073 773 1169 836 Filius¹
1181 781 1230 835 eet
1249 778 1351 857 unige·

200 863 287 932 nitus,
307 855 476 918 lubricatum
495 875 566 916 esse.
606 855 745 918 Subtilius
766 862 876 916 veteres
895 853 953 914 hoc
976 854 1069 934 elogio
1088 856 1135 916 uei
1152 861 1225 916 snut
1245 863 1352 915 eontra

160 947 168 956 ”
201 939 391 1009 Sabellianos‚
420 941 453 996 ut
481 943 625 996 aeteruum
655 935 779 1018 Spiritus
804 933 948 996 Deitetem
978 941 1143 996 assererent.
1189 921 1291 1016 Atqui
1314 955 1352 995 ex

202 1020 265 1080 allis
284 1018 354 1078 locis
379 1022 472 1097 patet,
497 1033 532 1076 eo
556 1013 726 1097 praesertim
749 1035 786 1074 ex
806 1014 911 1076 lesaiae
936 1033 999 1096 cap.
1024 1019 1072 1076 11.
1096 1022 1169 1074 vers.
1191 1015 1223 1077 4„
1244 1016 1351 1095 spiritu

203 1100 260 1159 oris
280 1097 373 1156 notari
392 1113 562 1169 sermonem
581 1096 639 1156 illlc
658 1097 735 1156 enim
754 1095 789 1156 de
804 1093 922 1156 Christo
941 1094 1054 1169 dicitur,
1071 1091 1221 1156 Perontiet
1239 1101 1350 1154 terram

203 1181 285 1257 virge
304 1177 362 1236 oris
381 1177 441 1249 sui,
466 1181 496 1236 et
520 1177 623 1256 spiritu
642 1175 783 1237 labiorum
807 1171 956 1238 interficiet
974 1175 1102 1254 impium.
1142 1172 1230 1236 Sient
1249 1181 1351 1234 autem

205 1263 346 1338 potestate
365 1262 393 1315 et
413 1254 540 1316 eilicaeia
560 1256 661 1336 plenus
682 1275 776 1316 sermo
795 1255 836 1317 all
870 1255 947 1330 erice
965 1260 1086 1314 vocatur
1104 1254 1163 1314 oris
1183 1257 1350 1334 eoeprmm:

202 1339 243 1398 ita
262 1337 319 1398 elio
338 1334 396 1396 line
415 1341 515 1415 postea
535 1334 639 1398 dieitur
656 1334 772 1412 halitus,
796 1274 1005 1396 edeiiserimen
1023 1333 1184 1394 nomnium
1203 1335 1350 1394 sermonis

203 1416 260 1476 Dei
280 1423 309 1476 et
332 1413 422 1474 inanis
447 1416 639 1488 monentes,
662 1433 737 1496 quee
761 1434 799 1483 ex
823 1434 875 1476 ore
898 1413 1048 1474 hominnm
1071 1414 1182 1494 prodit¹
1216 1411 1301 1493 Ergo
1319 1415 1349 1473 in

203 1493 350 1578 probando
370 1491 484 1554 Deitete
504 1492 636 1574 Spiritus,
655 1494 712 1556 hoe
731 1495 895 1556 testimonio
915 1493 1073 1556 Sebellium
1091 1513 1112 1554 u
1214 1513 1276 1554 non
1297 1512 1349 1552 au·

204 1577 309 1636 alerem.
350 1572 551 1652 Quare'nobis
571 1573 703 1650 sufficiet,
723 1573 820 1634 Deum
838 1573 927 1636 verbo
946 1591 1000 1634 suo
1019 1574 1058 1633 ite
1078 1592 1131 1634 coe
1143 1592 1175 1632 oe
1195 1572 1347 1644 torrnascrq

201 1661 235 1716 ut
255 1654 322 1714 hine
341 1652 479 1734 probetur
497 1661 613 1714 eeterrm
622 1653 729 1716 Christi
739 1653 892 1716 Divinitas.
931 1652 964 1714 Si
984 1654 1048 1734 quis
1068 1651 1183 1713 obiiciat
1199 1673 1256 1712 oon
1277 1651 1347 1712 sore

204 1736 350 1796 distinctas
370 1731 521 1807 Personas,
541 1735 566 1794 si
590 1753 677 1794 voees
696 1733 785 1796 Verbi
808 1741 838 1794 et
856 1731 980 1815 Spiritus
1004 1733 1062 1792 aiot
1085 1749 1275 1812 synonyme:
1295 1751 1343 1792 re-

205 1814 333 1896 spondeo
358 1833 417 1872 non
443 1813 607 1894 simpliciter
630 1815 761 1896 spiritum
784 1813 832 1874 hio
855 1815 924 1895 poni
948 1819 981 1872 ut
1003 1811 1066 1872 aliis
1084 1813 1166 1884 louis,
1190 1815 1219 1872 in
1236 1811 1343 1892 quibus

154 1920 161 1930 ·
203 1900 301 1975 aperte
321 1912 339 1953 u
359 1891 455 1954 Verbo
475 1893 666 1974 distinguitur,
685 1895 735 1972 sed
756 1891 875 1973 tigurete
895 1893 1026 1974 spiritum
1046 1893 1103 1952 orie
1123 1912 1177 1973 pro
1197 1893 1260 1987 ipsa
1277 1911 1345 1972 pro·

89 1985 92 1992 '
203 1974 383 2035 nuntiatione
409 1975 497 2046 sumt,
523 1973 582 2034 acsi
607 1974 718 2034 dictum
741 1971 830 2048 esset,
856 1973 984 2036 bimulec
1013 1971 1135 2032 halitum
1164 1989 1246 2031 voers
1277 1989 1346 2031 suae

204 2045 297 2114 emisit
317 2051 408 2126 Deus,
428 2051 475 2110 vel
494 2053 613 2133 protulit
632 2052 721 2114 verbo
741 2053 810 2132 quill
830 2051 892 2112 fieri
911 2053 1007 2126 vellet,
1031 2051 1129 2112 coelos
1153 2057 1274 2132 repente
1298 2069 1345 2110 ex·

203 2135 314 2206 smine,
334 2139 365 2192 et
382 2131 519 2285 ffleelit,
526 2131 848 2272 igliuriliffrginssruirreffi
863 2133 1251 2290 aiozjiuiinilraursiefflrirptam
1271 2229 1344 2270 ease·

203 2293 253 2352 sed
273 2290 339 2350 alibi
360 2309 445 2369 saepe
470 2289 554 2350 docet
572 2289 736 2372 Scriptura,
761 2297 878 2352 eeterno
902 2292 953 2350 illo
967 2290 1199 2370 ·sermone,.qui
1217 2291 1342 2372 unigeni·

202 2378 249 2434 tus
268 2369 325 2430 Dei
345 2368 421 2428 lilius
440 2370 471 2428 in
490 2388 576 2430 earne
595 2372 737 2452 apparuit,
757 2369 897 2432 mundum
915 2371 1002 2432 fuisse
1022 2377 1158 2434 creatum.

281 2453 310 2513 7.
333 2453 535 2532 Coogrcgoeit
555 2458 631 2510 sicud
651 2453 801 2512 cumulum
820 2473 915 2534 σφωε
933 2459 1036 2512 morie.
1065 2449 1132 2510 Non
1152 2450 1251 2510 omnia
1271 2467 1344 2528 quae

202 2529 239 2590 (le
264 2529 381 2610 singulis
406 2529 505 2590 mundi
524 2529 652 2610 pertibus
677 2530 734 2590 (liei
753 2538 895 2612 poterent,
920 2531 1116 2614 prosequitur,
1144 2529 1197 2602 sed
1218 2527 1344 2589 breviter

202 2609 255 2670 sub
276 2629 333 2670 une
353 2615 434 2689 parte
454 2610 524 2668 alies
544 2629 643 2670 omnes
668 2610 804 2691 designat
843 2609 1035 2672 Commendat
1057 2616 1154 2672 eutem
1178 2609 1189 2668 i
1226 2611 1234 2624 '
1313 2611 1343 2668 in

202 2689 302 2750 mundi
322 2688 485 2770 superficie,
510 2695 540 2750 et
563 2689 681 2770 dignum
698 2697 802 2750 notatu
821 2689 1002 2763 miraculum,
1020 2690 1097 2770 quod
1119 2687 1203 2750 Deus
1250 2707 1342 2749 emen·

202 2776 266 2830 tum
286 2787 377 2850 equae
397 2769 517 2828 fluidum
535 2775 566 2830 et
585 2769 723 2842 instabile,
743 2772 832 2832 inster
846 2771 929 2832 soleti
948 2773 1042 2832 accrvi
1050 2769 1206 2830 eolleetum
1225 2789 1280 2829 suo
1301 2787 1342 2828 ar·

201 2848 287 2910 bitrio
307 2855 411 2909 teneat.
450 2847 588 2910 Fateulur
607 2851 684 2909 enim
703 2847 835 2931 Physici‚
859 2857 889 2910 et
912 2851 1088 2932 experientia
1163 2867 1211 2908 em
1231 2850 1342 2922 clamat,

202 2946 292 3010 equas
312 2936 386 2992 terra
407 2931 568 3010 superiores
589 2949 660 3003 cese,
686 2950 778 3010 quum
802 2930 926 3010 liquidae
950 2931 1008 2990 sint
1026 2937 1059 2990 et
1075 2929 1103 2990 di
1136 2935 1223 3002 neat,
1242 2931 1293 3010 qui
1311 2927 1342 2988 fit

202 3017 236 3070 ut
255 3029 286 3070 se
305 3029 364 3070 non
384 3009 532 3070 effundant
551 3009 588 3070 ad
607 3016 713 3072 terrem
738 3009 927 3084 obruendum,
952 3015 983 3069 et
1002 3008 1074 3070 haec
1092 3027 1167 3090 quae
1187 3008 1255 3068 loeo
1275 3009 1340 3068 inle-

200 3092 261 3151 rior
280 3096 333 3164 est,
352 3081 426 3162 sicce
446 3091 587 3150 emineat?
606 3087 661 3150 Hic
681 3097 757 3150 uerte
776 3091 972 3171 perspicimus,
993 3087 1088 3150 Deum
1109 3095 1142 3148 ut
1161 3081 1275 3169 generis
1294 3089 1341 3146 liu·

202 3171 280 3230 mani
305 3168 390 3228 soluti
415 3169 585 3241 consuleret,
609 3171 720 3231 urceola
739 3169 888 3250 aggeribus
908 3187 998 3308 afflues
1018 3168 1189 3309 cohilrtpisec,
1210 3176 1241 3228 ct
1260 3167 1341 3308 tropip

954 3268 981 3310 er
1001 3267 1094 3310 conara
1123 3267 1155 3308 re
1195 3267 1292 3308 ronan

201 3329 260 3390 acsi
280 3325 379 3386 firmae
398 3333 428 3386 ct
447 3327 555 3387 solidae
575 3329 710 3388 materiae
735 3346 855 3388 acervus
874 3327 963 3402 iuret,
989 3348 1044 3390 oce
1063 3327 1114 3390 abs
1134 3267 1244 3388 replico
1262 3327 1339 3388 Diri·

200 3427 255 3468 nee
274 3408 388 3466 virtutis
409 3409 555 3486 specimen
574 3407 641 3467 alibi
651 3408 833 3476 commendet
841 3407 976 3489 Spiritus,
996 3410 1080 3468 sicuti
1099 3407 1238 3474 leremiae
1257 3411 1339 3482 5‚2‘l-.

202 3494 231 3547 et
250 3485 380 3558 toties,
401 3489 428 3552 8.
469 3485 602 3546 Secunda
625 3495 709 3572 parte
734 3507 835 3548 versus
861 3488 974 3548 videtur
998 3487 1055 3549 hoc
1082 3488 1178 3568 ipsum
1207 3496 1340 3568 repetere,

201 3565 252 3628 aed
271 3585 338 3625 cum
358 3565 592 3646 amplificatione:
613 3569 680 3646 quia
699 3567 780 3628 Deus
801 3587 859 3628 nou
883 3574 996 3628 tantum
1015 3571 1184 3628 immensum
1204 3585 1340 3647 aquarum

201 3644 308 3706 molem
327 3647 358 3704 in
376 3647 448 3706 meri
468 3653 639 3728 compescat,
660 3648 709 3707 sed
729 3649 759 3706 in
779 3647 848 3727 ipsis
903 3667 978 3727 oqrse
991 3654 1084 3708 terrae
1094 3646 1254 3706 visceribus
1274 3648 1339 3706 mire

200 3733 231 3786 et
249 3725 528 3805 incomprehensibili
547 3727 652 3786 virtrue
671 3727 816 3788 recondet.
858 3668 932 3787 §im
958 3728 1088 3808 quisquis
1108 3727 1252 3788 clemente
1271 3729 1340 3804 integ

197 3815 233 3865 ‘se
251 3805 390 3878 conferet,
411 3813 524 3884 praeter
544 3813 675 3866 naturum
695 3805 756 3870 lieri
777 3806 861 3882 dicet,
880 3813 914 3866 ut
933 3806 1029 3885 abyssi
1054 3806 1102 3868 vel
1128 3807 1261 3866 immensi
1280 3825 1340 3886 gur·

201 3887 273 3965 giles
293 3903 433 3964 aquarum
453 3885 553 3946 subtus
574 3894 679 3946 terram
699 3887 814 3958 lateant,
835 3887 885 3966 qui
906 3888 1000 3966 potius
1020 3885 1177 3948 debuerant
1195 3903 1261 3946 eam
1280 3885 1340 3946 aul-

200 3983 337 4045 mergere,
357 3971 445 4044 etque
471 3965 518 4026 hie
542 3966 632 4036 altera
658 3986 775 4046 quoque
796 3964 852 4026 Dei
876 3967 969 4026 virtus
990 3966 1121 4047 refulget,
1162 3965 1221 4025 nod
1242 3971 1342 4024 terram

89 4083 92 4088 ·
201 4051 248 4105 tot
267 4046 329 4104 ceri
350 4051 461 4105 meatus
481 4051 511 4104 et
529 4047 680 4124 voragines
700 4065 759 4106 non
780 4046 899 4127 siugulis
909 4048 1062 4106 momentis
1073 4046 1142 4105 abso
1177 4053 1251 4106 eunt
1273 4043 1342 4104 Nam

200 4126 254 4184 etsi
274 4124 418 4184 chasm'ete
437 4123 580 4185 interdum
600 4123 828 4205 pereuoturhes
838 4132 868 4187 et
879 4126 949 4207 egri,
968 4132 1181 4208 corpustnmen
1200 4127 1296 4206 ipsum
1313 4125 1341 4184 in

200 4223 253 4264 suo
273 4205 365 4282 gredu
385 4211 493 4266 manet.
816 4251 820 4267 .

280 4287 310 4346 8.
335 4287 452 4344 Timeo!
473 4287 624 4349 alelmo
643 4293 739 4346 emula
757 4293 848 4346 less-o.
889 4283 1044 4344 Concludit
1067 4283 1172 4346 iustam
1197 4303 1260 4345 esse
1280 4303 1337 4344 oau-

201 4379 263 4422 sam
285 4381 337 4424 cur
356 4370 520 4427 reverenter
538 4362 668 4449 subiiciat
687 4383 718 4425 se
737 4370 816 4428 totus
831 4363 909 4426 orbis
928 4361 1128 4447 imperiuDei,
1147 4383 1167 4427 e
1186 4381 1337 4447 quosnam
