2818 4886
165 275 220 334 tm
590 267 878 328 concursus

97 413 100 426 ¹
155 371 262 472 3112:
287 395 364 478 qnod
390 393 506 476 proprie
530 391 651 472 glorium
673 389 827 472 signifiat,
851 409 912 452 uon
934 331 1107 452 mimo
1131 407 1187 472 pro
1206 389 1313 473 lingon

165 477 249 552 sumi,
268 473 480 570 ricutiGeuesie
498 471 596 547 416.
616 489 683 532 nem
702 471 810 552 alioqui
828 467 998 576 trimemluu
1017 470 1135 566 pertutip
1152 490 1214 568 npn
1233 489 1314 552 qun-

165 549 1157 713 ffifflpffifflmffi
1176 569 1313 711 teu

164 712 247 776 Deus
265 719 373 786 tuetur,
392 731 451 772 non
470 718 576 784 temero
591 708 687 770 David
707 711 785 770 cerni
804 727 873 772 enee
892 727 1045 772 commune
1060 708 1129 770 lecit
1143 707 1201 772 hoe
1217 709 1309 772 bene·
1402 693 1403 732 ³

36 843 46 856 ,
166 792 274 871 licium,
294 798 327 854 nt
346 809 446 854 secure
464 787 584 853 dubitet.

120 1097 125 1108 ,
255 1045 308 1112 10.
336 1043 419 1130 Quin
445 1063 513 1110 nou
539 1041 667 1111 deseres
694 1039 833 1108 culmem
859 1063 967 1109 mecm
993 1040 1027 1108 in
1055 1041 1217 1132 sepulcrm
1244 1065 1312 1111 nec

99 1207 102 1212 .
165 1172 268 1246 pones
290 1159 434 1218 sanctum
456 1157 549 1216 tuum
569 1152 607 1215 ut
627 1145 734 1216 videat
754 1147 890 1216 foveam.

246 1346 345 1428 Pergit
373 1347 404 1406 in
434 1343 625 1426 explicatione
649 1327 813 1426 superioris*
828 1343 985 1408 doctrinae:
1016 1305 1081 1404 ideo
1105 1344 1213 1406 scilicet
1236 1344 1313 1406 nihil

166 1426 221 1490 sibi
240 1427 276 1486 ed
295 1426 413 1508 plenum
432 1424 556 1484 loetitiae
575 1425 723 1486 cumulum
743 1423 854 1494 (111111,
880 1426 947 1504 quio
971 1415 1007 1484 ob‘
1031 1425 1148 1484 interitu
1171 1423 1224 1484 eibi
1247 1445 1313 1488 nou
1405 1447 1406 1454 ¹

167 1513 285 1570 metunt.
329 1504 410 1566 Unde
430 1507 568 1584 sequitur,
587 1505 731 1567 neminem
750 1523 819 1564 vere
838 1502 904 1564 Deo
923 1503 1021 1576 fidere,
1041 1503 1096 1562 nisi
1115 1504 1167 1584 qui
1185 1503 1313 1571 alutem

167 1587 222 1651 sibi
245 1604 264 1646 a
287 1583 352 1646 Deo
371 1583 550 1666 promissum,
565 1584 604 1646 ite
627 1583 815 1666 apprehendit
831 1589 873 1644 ut
891 1590 1012 1647 mortem
1032 1582 1177 1662 despiciet.
1213 1581 1311 1646 Porro

207 1663 327 1730 undum
346 1669 405 1740 est,
429 1659 574 1727 Doridem
598 1683 657 1727 nou
684 1663 720 1724 do
746 1669 825 1724 certe
842 1662 939 1742 ntique
959 1663 1052 1742 specie
1071 1661 1241 1725 libentionis
1259 1682 1308 1724 re-

210 1745 266 1816 'cte
283 1744 366 1824 loqui
384 1741 645 1824 (quemadmodum
664 1741 770 1807 Pselm·
784 1743 835 1818 49,
855 1739 1163 1812 11111111,οω
1181 1744 1306 1804 animem
1406 1791 1407 1796 ,

47 1791 58 1802 ’
167 1842 262 1888 mean
286 1838 411 1887 omno
435 1821 706 1903 oportunetate
725 1822 878 1898 cnutone
898 1821 949 1882 er
969 1829 1099 1884 amm
1117 1822 1216 1902 ,uuo
1234 1821 1311 1890 ere..

169 1907 342 1972 concerto
361 1903 522 1983 concipere,
541 1921 618 1984 quoe
636 1903 780 1964 anxietate
798 1908 916 1964 unctu
935 1920 1001 1964 enm
1020 1901 1134 1970 dbeietr
1154 1902 1312 1962 eccidinio-

110 2029 119 2047 .
168 1991 214 2046 nt
232 1989 365 2064 pentem
383 1982 438 2044 sibi
456 2001 570 2064 semper
589 1982 652 2044 iore
671 1984 784 2045 exitum
800 2001 818 2042 e
837 1981 988 2062 sepulcro,
1008 2001 1052 2044 ne
1071 1983 1101 2042 iu
1125 1984 1313 2062 corruptione

237 2070 320 2125 1111,
346 2060 421 2124 Nem
444 2057 531 2122 Deus
551 2079 619 2122 nuos
644 2061 680 2122 eb
706 2062 804 2140 eliqrm
830 2061 990 2122 discrimine
1014 2061 1152 2135 liberem,
1175 2081 1236 2124 uon
1254 2061 1313 2126 nisi
1407 2121 1408 2128 ,

226 2143 314 2204 breve
332 2147 447 2222 tempos
466 2140 556 2200 vitem
575 2140 631 2205 illis
650 2147 795 2220 proroget.
816 2137 965 2218 Quantulo
979 2159 1051 2202 vero
1068 2141 1314 2220 etqueunieiune

169 2221 328 2285 eomotouo
353 2219 425 2283 hoec
448 2226 539 2292 esset,
563 2220 708 2300 psutupm
731 2222 886 2299 respicere,
906 2219 999 2280 donec
1017 2240 1097 2282 mors
1115 2219 1314 2293 tandemsine

82 2315 84 2329 ¹
169 2322 222 2384 ope
241 2301 340 2362 solutis
359 2319 414 2362 uos
433 2297 601 2362 obsorbent?
619 2298 695 2360 Hinc
714 2300 858 2380 sequium
884 2297 1027 2362 Doridem
1044 2299 1131 2362 tuisse
1149 2300 1190 2360 its
1206 2299 1314 2380 loquu-

169 2388 243 2456 tnm,
261 2399 297 2440 eo
316 2379 397 2460 quod
416 2397 447 2442 se
466 2377 611 2455 attolleret
629 2397 715 2460 cupre
734 2397 917 2445 communem
934 2381 1047 2462 generis
1061 2379 1177 2461 hument
1193 2387 1313 2442 sortem.

170 2459 246 2530 Nem
271 2459 387 2539 quondo
411 2459 442 2518 iu
466 2477 566 2519 omnes
590 2458 671 2522 Adae
695 2457 772 2520 tilios
794 2459 853 2528 lete
876 2466 921 2520 est
940 2459 1094 2534 111111ῑί1,
1122 2460 1191 2539 quie
1214 2453 1313 2540 pulvis

171 2547 248 2614 snut,
267 2539 409 2599 redituros
428 2539 458 2598 in
478 2537 642 2617 pulverem,
663 2536 776 2613 Gens,
796 2541 844 2602 19.
864 2538 964 2628 eedem
983 2541 1045 2600 sine
1063 2539 1233 2619 exceptione
1251 2559 1312 2600 om·

171 2639 223 2694 nes
242 2625 340 2680 monet
359 2615 494 2678 conditio.
515 2615 614 2694 Quare
628 2618 690 2680 'uisi
708 2619 738 2678 in
758 2619 884 2680 medium
902 2618 1023 2698 prodent
1038 2617 1179 2692 Christus,
1198 2620 1250 2699 qui
1268 2623 1314 2680 est

172 2699 315 2782 primitiae
333 2695 554 2778 resurgentium,
572 2696 626 2758 snb
647 2698 797 2778 putredine
816 2717 929 2779 semper
947 2697 1087 2768 iacebunt.
1103 2696 1191 2760 vUrrtle
1208 2701 1313 2761 merito

172 2779 281 2859 colligit
300 2775 414 2852 Penus,
432 2775 533 2838 Actor.
553 2780 584 2851 2,
603 2780 652 2840 30.
671 2797 731 2838 uon
751 2779 877 2860 potuisse
893 2775 1034 2840 Doridem
1052 2779 1092 2838 ite
1111 2778 1238 2858 gloriari,
1258 2779 1314 2840 uisi

171 2858 283 2941 Spiritu
301 2855 485 2938 prophetin),
504 2863 534 2916 et
553 2857 583 2916 in
608 2863 761 2928 auctorem
775 2858 850 2918 vitoe
870 2857 923 2918 sibi
944 2849 1116 2938 promissum
1133 2860 1314 2939 respexisset,

195 2940 225 2998 oi
244 2937 324 2998 eolus
343 2936 401 2998 hoc
420 2935 570 3016 privilegio
590 2938 734 2998 eruendus
754 2943 822 2997 eret.
852 2936 917 2998 Hoc
936 2945 1030 2998 umen
1051 2957 1110 2998 uon
1121 2937 1224 3000 1obstet
1243 2939 1315 3018 quin

172 2959 269 3079 llevid
289 3019 351 3076 iure
370 3015 424 3076 sibi
443 3016 654 3076 immunitatem
673 3035 691 3076 1
711 3023 804 3078 morte
823 3018 997 3096 promiserit:
1018 3018 1085 3098 quie
1101 3015 1233 3078 Christus
1252 3037 1313 3078 uon

174 3098 227 3158 eibi
267 3095 381 3156 rivatim
401 3095 575 3176 resurgendo
594 3095 837 3156 immortalitatem
893 3099 981 3179 perit,
1001 3097 1051 3156 sed
1070 3095 1152 3158 nobis
1172 3096 1314 3158 omnibus.

173 3118 266 3256 0111
283 3181 378 3236 entem
396 3171 503 3237 Petrus
522 3172 661 3236 Actorum
682 3179 711 3246 2,
730 3179 779 3238 30.
798 3181 829 3235 et
872 3176 954 3236 eolus
974 3180 1023 3250 13,
1042 3179 1091 3240 33.
1115 3177 1144 3236 in
1169 3177 1314 3243 11111111

175 3273 299 3339 persono
318 3252 469 3334 impletum
488 3252 576 3322 tuisse
590 3253 647 3313 hoo
656 3256 821 3324 vaticinium
831 3255 1014 3328 contendunt,
1034 3257 1075 3316 oie
1093 3257 1201 3337 accipe,
1218 3257 1315 3338 iprum

173 3332 538 3493 1111111111
557 3331 1144 3493 ffiilr'ir'lffimilllldin‘tiilllmt
1163 3343 1315 3479 titt:

176 3501 232 3556 oet.
253 3491 329 3556 Nem
349 3511 440 3572 quum
449 3489 526 3552 Davi
547 3492 553 3506 '
589 3491 717 3557 cadaver
729 3495 758 3554 in
775 3493 921 3574 pulverem
940 3493 1086 3556 reductum
1105 3495 1151 3569 111,
1171 3503 1238 3576 epte
1256 3491 1315 3556 col·

177 3576 271 3656 ligent
295 3571 431 3652 Apostoli
455 3571 549 3652 ipsum
572 3589 591 3630 a
615 3575 796 3654 corruptione
820 3594 881 3634 uon
898 3574 985 3636 fuisse
998 3575 1168 3638 immunem.
1208 3574 1316 3638 Eodem

126 3717 130 3728 A
175 3655 252 3715 rotie
272 3651 309 3712 od
328 3650 427 3710 fideles
447 3670 546 3712 omues
567 3651 703 3732 pertinet,
728 3673 851 3733 quorum
872 3673 957 3718 nemo
976 3673 994 3716 e
1013 3656 1164 3734 putredine
1182 3655 1314 3726 11111111,

177 3736 256 3798 vine
274 3729 498 3810 incorruptibilis
519 3731 555 3790 sit
574 3731 724 3812 particeps.
759 3731 841 3792 Unde
861 3719 998 3814 sequitur,
1018 3735 1093 3798 vitoe
1112 3735 1314 3816 plenitudinem

179 3819 254 3894 quoe
273 3813 303 3872 in
323 3811 417 3889 cepite
435 3811 499 3872 solo
519 3811 631 3885 residet,
649 3813 782 3892 guttatim
801 3812 895 3874 solum
916 3814 962 3874 vel
981 3833 1033 3893 per
1052 3821 1147 3895 portes
1171 3814 1208 3874 ed
1226 3833 1315 3879 mem·

178 3894 232 3954 bre
256 3891 391 3954 defluere.
437 3887 540 3950 Posset
563 3897 661 3955 tameo
685 3891 722 3952 de
746 3891 862 3954 Christo
887 3893 985 3957 eedem
1010 3891 1069 3954 lere
1093 3894 1207 3974 questio
1232 3893 1316 3954 obiici

182 3973 249 4052 (qui
269 3977 300 4030 et
323 3969 385 4049 ipse
409 3968 441 4028 in
466 3969 627 4050 sepulcrum
652 3971 810 4047 descendit)
830 3973 881 4034 sed
901 3992 975 4053 quoe
994 3974 1029 4034 ed
1040 3973 1210 4040 solvendum
1229 3973 1317 4036 lenitis

182 4057 235 4114 est.
256 4047 390 4114 Nolendo
409 4055 452 4108 est
471 4051 547 4110 enim
566 4050 715 4131 utrimque
729 4051 809 4114 vocis
828 4054 1011 4132 etymologia.
1030 4053 1224 4134 Sepulchrum
1242 4055 1318 4116 coitu

185 4131 292 4207 *mem
317 4134 452 4203 vocetur,
478 4135 615 4208 tanquam
640 4131 818 4212 inexplebilis
842 4153 945 4212 gurges
970 4135 1020 4213 qui
1046 4135 1142 4194 omnin
1161 4134 1317 4194 consumite

184 4217 280 4284 nnw
305 4226 377 4268 vero
401 4226 418 4269 e
443 4210 641 4288 corruptione,
665 4231 754 4289 quere
773 4229 832 4271 non
851 4220 910 4272 tom
930 4213 1011 4274 locus
1030 4211 1077 4274 hie
1095 4219 1213 4275 notetur
1232 4233 1319 4294 quem

184 4287 320 4364 quetitee:
345 4289 404 4348 soei
429 4287 535 4348 dictum
560 4296 634 4350 esset
659 4292 747 4352 vitem
772 4291 879 4352 Christi
906 4311 924 4352 1
947 4293 1071 4373 sepulcri
1094 4294 1156 4354 iure
1181 4293 1243 4358 tore
1267 4294 1317 4354 im·

183 4383 318 4457 munem,
343 4368 411 4460 quin
437 4387 475 4440 ne
498 4373 644 4434 mortuum
663 4371 779 4455 quidem
799 4371 860 4434 eius
879 4391 985 4454 eorpus
1003 4373 1180 4455 corruptioni
1196 4373 1252 4446 erit
1270 4372 1318 4434 ob-
