2726 4888
354 305 364 334 ,
426 271 761 371 iurasquesxv.
967 321 977 340 s
1050 235 1156 360 Ι’481

26 417 178 478 lissiensis:
197 413 272 478 beati
291 417 409 497 inquam
427 435 527 480 *sumne
543 417 592 480 ubi
603 415 720 480 Christo
734 419 891 480 mediatore
909 421 985 496 freti,
1005 425 1160 486 statuimus

26 499 91 556 lum
109 495 197 556 nobis
212 515 275 558 esse
285 491 410 572 Patrem,
428 503 555 577 votaque
568 505 666 558 nostra
686 499 722 558 ad
742 518 809 558 eum
830 499 990 582 dirigimus:
1010 503 1060 564 sed
1080 505 1158 572 unde

26 577 80 636 des
103 585 137 652 et
156 577 317 672 ioroeetio‚
341 577 402 636 nisi
419 577 486 672 quia
506 585 614 641 nomm·
627 578 735 640 elisam
753 579 855 658 gretia
863 582 1030 642 coniunxit?
1069 577 1157 660 Quod

26 677 79 737 rgo
113 653 200 718 sobre
222 674 346 728 manum
363 655 401 714 erl
425 655 533 719 micros
562 677 654 738 usqere
678 661 823 738 porrigere
847 659 978 739 diguatus
1003 669 1060 736 est,
1089 663 1158 728 binc

26 735 308 874 ropinquitassneu
327 742 424 796 autem
443 736 523 831 quod
543 743 647 817 sponte
663 739 901 818 praevenerimus.
942 739 1019 815 buo,
1039 745 1157 836 proprie

26 836 176 959 ezer
188 815 1159 966 urereszrrtrrtrrrr·rueretur

26 917 148 1048 egereret,
173 980 207 1034 nt
231 975 408 1036 circumcisio
432 973 528 1034 locum
546 975 601 1036 illis
621 963 778 1056 intempib
794 918 1040 1054 deretrpliribium
1060 923 1157 1042 turiseo

26 1077 72 1150 top
100 1061 147 1116 est
170 1053 241 1133 quin
265 1054 417 1132 discrimen
434 1053 558 1149 aliqnod
579 1057 655 1118 inter
672 1051 792 1136 Iudaeos
817 1057 896 1194 ippps
920 1063 1028 1120 statuat
1045 1055 1158 1154 Derid:

26 1129 1157 1304 ttsttrtttrlltltrzlrl,ttttttqtrptttttrtt

27 1302 169 1355 xternnrn
179 1289 389 1372 sanctuarium,
408 1287 526 1372 Ιιιᾱαῲῥ,
542 1294 638 1357 dicens
658 1293 765 1358 electos
784 1315 857 1374 esse¹
875 1304 906 1354 ut
924 1299 1157 1379 appropinquent

26 1373 97 1434 )eo:
125 1372 178 1436 sed
201 1375 340 1434 memoria
365 1373 523 1434 tenendum
544 1379 587 1433 est
632 1375 689 1449 uod
714 1368 830 1438 Psalmo
851 1378 900 1448 15,
919 1383 949 1435 et
968 1376 1016 1450 el,
1036 1379 1065 1439 3.
1085 1377 1156 1438 ridi·
1264 1404 1273 1428 κ

26 1475 92 1528 nus,
110 1473 171 1516 non
190 1473 289 1514 omnes
307 1451 448 1534 legitimos
467 1453 554 1514 luisse
563 1395 706 1517 Ecclesiae
726 1456 802 1516 eires
822 1457 872 1536 qni
891 1455 991 1536 templi
1011 1457 1156 1537 pavimen

26 1555 79 1594 um
99 1531 242 1595 terebant:
268 1533 335 1614 quia
355 1534 508 1614 praecipue
526 1534 681 1614 requiritur
698 1535 757 1595 inte
778 1537 845 1596 ritas
865 1535 974 1612 cordis,
995 1543 1029 1606 ,et
1048 1539 1157 1618 puritas

26 1632 165 1674 nannum.
203 1611 304 1692 Quare
327 1613 505 1693 propinquos
530 1611 595 1674 Deo
618 1611 681 1673 lieri
705 1557 845 1696 intellige,
875 1635 934 1676 non
965 1617 1015 1696 qui
1039 1623 1156 1697 esterna¹

26 1701 132 1754 sutum
155 1693 250 1789 specie
274 1691 371 1752 lorum
395 1689 576 1788 obtinentin
600 1693 723 1788 tereph,
752 1695 803 1757 sed
827 1696 878 1774 qni
902 1696 1012 1789 sipcers
1040 1695 1098 1756 lide
1125 1716 1157 1760 ss

26 1775 144 1869 dierunt
168 1793 198 1834 ro
223 1779 409 1868 eonspectunr
429 1769 494 1832 Der.
534 1771 596 1834 lam
619 1771 668 1868 luc
686 1775 801 1835 voeetio
824 1773 1157 1871 adiungiturelectiopis
1225 1821 1230 1834 ,

26 1860 301 1993 titillet
303 1872 353 1992 l:
364 1858 637 2012 ttt‘lttlttt’
648 1853 1155 2015 1¹32l¹2t0¹¹ltlttl¹ltlttll;

26 2015 102 2084 duce,
121 2011 158 2074 ed
177 2013 239 2072 eins
248 2009 449 2072 sanctuarium
468 2011 636 2072 secedimus.
656 2010 793 2075 Fructum
813 2011 993 2074 beatitudinis
1012 2033 1155 2088 commen·
1264 2021 1266 2028 ’

26 2093 68 2152 lat
87 2089 247 2173 Propheta,
267 2091 364 2152 satiari
383 2091 479 2150 dicens
499 2089 598 2171 templi
617 2092 762 2172 opulentia
782 2091 889 2156 fideles.
928 2091 1003 2157 Nam
1022 2095 1154 2172 quamvis
1213 2163 1218 2170 ,

26 2171 241 2232 recedentibus
260 2191 377 2250 quoque
396 2167 416 2230 b
458 2171 578 2246 ecritae,
597 2171 681 2232 vacui
700 2178 797 2232 tomen
816 2179 847 2232 et
864 2172 952 2236 ieiuni
972 2169 1089 2236 domum
1109 2193 1155 2234 re·

26 2253 117 2328 tenor,
137 2258 274 2331 qnantum
287 2251 431 2322 ,attineta
470 2247 634 2310 fruitionem
653 2251 844 2330 spiritualium
864 2251 1014 2319 bonorum.
1035 2251 1080 2312 Ae
1100 2273 1153 2312 no·

26 2331 104 2391 audo
124 2337 168 2391 est
187 2349 326 2426 personae
345 2330 475 2404 mutatio,
495 2327 544 2389 ubi
563 2327 715 2411 David-sd
734 2327 867 2392 fidelium.
880 2351 1032 2392 numerum
1051 2351 1084 2392 se
1104 2351 1154 2414 oq-

26 2417 129 2490 pegst:
175 2429 222 2470 uro
239 2411 269 2473 iu
288 2411 383 2490 seipse
403 2409 630 2490 experimentum
649 2409 785 2490 proponit
803 2411 955 2486 satietatis,
976 2411 1012 2474 de
1031 2430 1089 2491 qua
1109 2412 1152 2480 le,-

27 2493 124 2570 quitur.
197 2495 290 2550 terum
308 2489 435 2628 iutelliqq
454 2489 551 2550 sellari
570 2487 667 2550 fideles
685 2497 998 2570 nonquemomeutu,
1018 2491 1068 2552 sed
1087 2511 1154 2571 gra-

27 2571 120 2632 latim:
140 2569 208 2650 quie
217 2570 271 2630 etsi
280 2569 398 2630 instillet
437 2588 487 2628 ens
496 2565 679 2650 Spirilns'sni
694 2567 777 2642 donn,
793 2589 865 2630 snos
890 2577 998 2648 ¹tamen.
1012 2579 1154 2652 quatenus

27 2651 85 2710 rtile
106 2655 149 2710 est
168 2647 236 2710 loen
255 2649 333 2720 tetur,
353 2649 445 2708 donec
464 2645 585 2708 adducat
605 2648 643 2708 ad
659 2647 782 2728 solidam
800 2647 1016 2729 periectiqnem,
1042 2645 1153 2718 Verum

27 2737 94 2790 erte
113 2735 158 2790 est
176 2728 207 2790 iil
265 2727 374 2790 Psalmi
394 2729 461 2802 103,
482 2733 523 2790 5..
550 2725 654 2788 Satiori
672 2717 730 2802 Dei
746 2717 931 2804 beneficentia
952 2723 1177 2797 os‚nostruius'

27 2809 66 2870 ed
87 2809 173 2872 eliam
191 2807 349 2872 notandum
390 2807 447 2868 uod
466 2805 533 2866 alibi
552 2807 669 2880 dicitur,
693 2807 782 2888 Aperi
803 2829 836 2870 os
855 2816 953 2883 tuum,
977 2815 1008 2868 et
1026 2801 1153 2890 implebo

28 2888 97 2962 llud,
115 2885 220 2948 Pselm.
241 2891 290 2964 81,
309 2891 357 2950 11.
425 2883 543 2968 pediuut
561 2893 657 2948 autem
676 2896 791 2948 nestrae
811 2890 966 2970 angustiae,
985 2907 1025 2962 ne¹
1042 2895 1152 2970 triplam

28 2967 99 3030 robis
118 2967 230 3048 sepiem
249 2965 390 3028 bonorum
410 2969 438 3028 in
459 2973 520 3026 erat
537 2963 633 3046 Dens,
657 2967 709 3028 sed
729 2974 814 3048 prout
833 2969 978 3046 restrictos
1000 2967 1091 3050 videl,
1111 2967 1152 3049 ita

28 3047 214 3108 lberalitatem
232 3067 315 3108 suem
332 3047 370 3107 ud
388 3067 419 3108 m
459 3047 539 3106 ulum
557 3053 687 3108 nostrum
706 3053 886 3127 oltemperet.
911 3046 992 3106 Bona
1011 3043 1150 3108 Sanctus·

28 3131 50 3188 ii
70 3127 215 3198 vocando,
232 3135 351 3188 externa
375 3125 546 3188 adminicula
570 3127 760 3200 commendat,
785 3147 860 3206 quae
878 3145 934 3198 uos
951 3125 988 3186 ad
1008 3123 1150 3188 bonorum

28 3205 181 3268 nelesuum
199 3205 363 3272 fruitionem
383 3207 536 3268 deducunt.
555 3201 617 3268 Etsi
636 3208 712 3268 enim
731 3213 844 3287 peterat
858 3205 926 3269 olim
939 3203 1020 3284 Deus
1033 3225 1151 3268 manum

29 3313 33 3344 ι
53 3287 134 3346 coelo
153 3287 298 3368 porrigere
318 3289 407 3347 servis
426 3282 494 3358 suis,
514 3283 606 3347 voluit
624 3293 720 3346 tamen
740 3283 892 3367 perlegis
912 3285 1079 3360 doctrinam,
1100 3283 1152 3366 pe'r

30 3365 398 3443 annumerabuntur,
425 3373 599 3447 externaque
623 3367 736 3447 pletatis
759 3365 897 3439 subsidio,
926 3367 1029 3426 satiare
1053 3358 1177 3428 fideles„

29 3448 138 3506 mimas:
166 3447 251 3507 sicuti
274 3447 360 3508 bodie
407 3467 503 3527 noque
527 3465 595 3526 erga
618 3465 673 3506 nos
696 3444 836 3506 similibus
854 3444 956 3505 mediis
974 3447 1073 3505 utitur.
1113 3442 1153 3506 Et

29 3545 181 3607 quanquam
208 3529 239 3588 iu
268 3527 325 3588 illis
355 3467 508 3588 subsistere
536 3546 597 3587 uon
627 3523 775 3602 convenit,
806 3525 1078 3606 negligeretomeu
1108 3525 1152 3586 las

29 3628 74 3668 ron
95 3614 144 3666 est.
235 3647 238 3658 .
595 3635 598 3643 ¹
999 3613 1003 3620 “
1037 3619 1039 3626 “

76 3689 104 3748 6.
118 3689 274 3749 Terribilia
283 3695 315 3748 to
325 3693 441 3749 tristitia
460 3687 653 3766 respondebis.
673 3683 833 3750 Confirmat
841 3685 899 3745 elio
912 3703 1017 3767 genere
1030 3683 1152 3758 timenti,

30 3787 74 3826 ron
95 3765 196 3826 frustra
216 3787 247 3828 se
266 3769 366 3828 beatos
385 3785 517 3839 vocasse,
542 3765 646 3846 quibus
666 3763 747 3828 Deus
765 3766 905 3846 templum
924 3783 1044 3831 suumn
1119 3765 1150 3838 ‘t,

30 3854 50 3905 rt
69 3847 145 3906 domi
163 3847 224 3908 eins
243 3853 404 3927 pascantur.
424 3844 502 3906 Dicit
520 3851 617 3906 autem
636 3863 841 3925 responsurum
861 3845 1041 3941 populosus
1082 3861 1149 3902 eum

30 3948 46 3984 rr
66 3925 216 4000 miraculis,
234 3927 281 3985 vel
301 3927 386 4007 signis
406 3923 549 3986 terrificise
569 3926 627 3986 sesi
647 3925 761 3998 dicerer,
782 3921 907 3984 Domine
921 3931 952 3984 tn
967 3943 1020 3992 uus
1035 3939 1149 4001 semper

30 4005 160 4080 exaudies,
179 4013 213 4068 nt
231 4005 357 4067 mirificis
376 4003 586 4066 liberationibus
606 4004 725 4085 perinde
739 4007 831 4064 virtus
850 4012 899 4064 toa
920 4001 1044 4084 patefiat,
1064 4007 1152 4080 etque

31 4086 86 4144 lim
113 4085 181 4146 dum
209 4087 315 4167 egressi
340 4091 407 4146 suot
431 4091 527 4165 patres
550 4086 641 4144 nostri
664 4104 704 4144 ex
728 4081 854 4168 Egypto.
893 4081 1048 4143 Ecclesiam
1073 4082 1150 4144 enim

31 4183 127 4244 emper
145 4163 225 4226 Dens
245 4185 303 4226 non
323 4166 436 4247 vulgari
456 4165 503 4224 vel
523 4165 667 4224 ordinario
686 4163 789 4240 mado,
813 4161 863 4223 sed
887 4161 1002 4222 terribili
1024 4161 1152 4240 potentie

32 4247 147 4306 erravit.
192 4246 289 4327 Atque
315 4247 372 4306 hoc
395 4245 513 4327 cognitu
538 4243 593 4304 iuit
617 4243 701 4317 utile,
732 4250 766 4302 nt
789 4243 819 4302 in
843 4241 927 4302 rebus
952 4237 1068 4322 perditis
1091 4259 1151 4300 nen

31 4343 111 4384 amen
137 4325 207 4386 bene
226 4345 341 4406 sperare
360 4326 521 4387 desinerent
540 4323 590 4384 lilii
611 4321 676 4383 Dei.
706 4319 798 4382 Porro
818 4321 875 4382 ubi·
887 4319 943 4380 Dei
963 4319 1084 4382 salutem
1104 4319 1149 4378 Iu·

31 4405 92 4486 loeis
111 4403 269 4482 destinarit,
288 4407 375 4467 simul
393 4405 479 4468 addit
490 4423 552 4466 esse
570 4423 653 4485 spem
670 4403 884 4464 extremitatum
902 4408 996 4464 terrae
1011 4400 1149 4482 usquead

40 4499 143 4544 celsinus
155 4501 177 4544 in
191 4503 271 4548 Paulas.
285 4503 347 4546 Tuus.
363 4505 382 4545 1.
636 4509 641 4518 ¹
793 4486 831 4546 31
1005 4490 1007 4501 ’
