<?xml version="1.0" encoding="UTF-8"?>
<!DOCTYPE html PUBLIC "-//W3C//DTD XHTML 1.0 Transitional//EN"
    "http://www.w3.org/TR/xhtml1/DTD/xhtml1-transitional.dtd">
<html xmlns="http://www.w3.org/1999/xhtml" xml:lang="en" lang="en">
 <head>
  <title>
</title>
<meta http-equiv="Content-Type" content="text/html;charset=utf-8" />
  <meta name='ocr-system' content='tesseract 3.04.00' />
  <meta name='ocr-capabilities' content='ocr_page ocr_carea ocr_par ocr_line ocrx_word'/>
</head>
<body>
  <div class='ocr_page' id='page_1' title='image "./ioanniscalvinii03tholgoog_0484.png"; bbox 0 0 2726 4888; ppageno 0'>
   <div class='ocr_carea' id='block_1_1' title="bbox 421 241 1159 364">
    <p class='ocr_par' dir='ltr' id='par_1_1' title="bbox 421 241 1159 364">
     <span class='ocr_line' id='line_1_1' title="bbox 1002 241 1008 264; baseline 0 0"><span class='ocrx_word' id='word_1_1' title='bbox 1002 241 1008 264; x_wconf 82' lang='lat' dir='ltr'><strong>l</strong></span> 
     </span>
     <span class='ocr_line' id='line_1_2' title="bbox 421 297 1159 364; baseline 0.003 -22"><span class='ocrx_word' id='word_1_2' title='bbox 421 301 467 344; x_wconf 63' lang='lat' dir='ltr'><strong>tx</strong></span> <span class='ocrx_word' id='word_1_3' title='bbox 494 297 659 344; x_wconf 72' lang='grc' dir='ltr'><strong>ΡΗΗΙ.Ι</strong></span> <span class='ocrx_word' id='word_1_4' title='bbox 685 303 758 344; x_wconf 69' lang='lat' dir='ltr'><strong>ixit.</strong></span> <span class='ocrx_word' id='word_1_5' title='bbox 1104 301 1159 364; x_wconf 75' lang='grc'><strong>465</strong></span> 
     </span>
    </p>
   </div>
   <div class='ocr_carea' id='block_1_2' title="bbox 17 421 1235 588">
    <p class='ocr_par' dir='ltr' id='par_1_2' title="bbox 17 421 1235 588">
     <span class='ocr_line' id='line_1_3' title="bbox 17 421 1235 509; baseline 0.003 -23"><span class='ocrx_word' id='word_1_6' title='bbox 17 425 80 486; x_wconf 73' lang='lat' dir='ltr'><strong>atie</strong></span> <span class='ocrx_word' id='word_1_7' title='bbox 101 425 226 486; x_wconf 72' lang='lat' dir='ltr'><strong>animosi</strong></span> <span class='ocrx_word' id='word_1_8' title='bbox 244 421 303 484; x_wconf 85' lang='lat' dir='ltr'><strong>Dei</strong></span> <span class='ocrx_word' id='word_1_9' title='bbox 322 421 420 486; x_wconf 79' lang='lat' dir='ltr'><strong>bootae</strong></span> <span class='ocrx_word' id='word_1_10' title='bbox 439 422 492 486; x_wconf 81' lang='lat' dir='ltr'><strong>eibi</strong></span> <span class='ocrx_word' id='word_1_11' title='bbox 512 423 659 498; x_wconf 82' lang='lat' dir='ltr'><strong>videntur,</strong></span> <span class='ocrx_word' id='word_1_12' title='bbox 678 425 737 492; x_wconf 81' lang='lat' dir='ltr'><strong>nisi</strong></span> <span class='ocrx_word' id='word_1_13' title='bbox 753 429 841 508; x_wconf 83' lang='lat' dir='ltr'><strong>eaput</strong></span> <span class='ocrx_word' id='word_1_14' title='bbox 859 425 1086 509; x_wconf 76' lang='lat' dir='ltr'><strong>ederantanpra</strong></span> <span class='ocrx_word' id='word_1_15' title='bbox 1103 447 1157 490; x_wconf 91' lang='lat' dir='ltr'><strong>nn·</strong></span> <span class='ocrx_word' id='word_1_16' title='bbox 1229 429 1235 454; x_wconf 84' lang='lat'><strong><em>¹</em></strong></span> 
     </span>
     <span class='ocr_line' id='line_1_4' title="bbox 17 501 1157 588; baseline 0.005 -24"><span class='ocrx_word' id='word_1_17' title='bbox 17 525 69 565; x_wconf 78' lang='lat' dir='ltr'><strong>es.</strong></span> <span class='ocrx_word' id='word_1_18' title='bbox 114 501 247 566; x_wconf 89' lang='lat' dir='ltr'><strong>Primum</strong></span> <span class='ocrx_word' id='word_1_19' title='bbox 264 501 362 564; x_wconf 87' lang='lat' dir='ltr'><strong>David</strong></span> <span class='ocrx_word' id='word_1_20' title='bbox 380 503 411 564; x_wconf 90' lang='lat' dir='ltr'><strong>in</strong></span> <span class='ocrx_word' id='word_1_21' title='bbox 431 505 515 566; x_wconf 84' lang='lat' dir='ltr'><strong>tertia</strong></span> <span class='ocrx_word' id='word_1_22' title='bbox 533 523 656 588; x_wconf 78' lang='lat' dir='ltr'><strong>perenna</strong></span> <span class='ocrx_word' id='word_1_23' title='bbox 676 505 719 566; x_wconf 83' lang='lat' dir='ltr'><strong>aie</strong></span> <span class='ocrx_word' id='word_1_24' title='bbox 737 504 773 566; x_wconf 88' lang='lat' dir='ltr'><strong>de</strong></span> <span class='ocrx_word' id='word_1_25' title='bbox 792 525 824 566; x_wconf 82' lang='lat' dir='ltr'><strong>eo</strong></span> <span class='ocrx_word' id='word_1_26' title='bbox 843 505 986 588; x_wconf 85' lang='lat' dir='ltr'><strong>loquitur,</strong></span> <span class='ocrx_word' id='word_1_27' title='bbox 1005 513 1157 570; x_wconf 83' lang='lat' dir='ltr'><strong>attamen</strong></span> 
     </span>
    </p>
   </div>
   <div class='ocr_carea' id='block_1_3' title="bbox 17 581 1285 670">
    <p class='ocr_par' dir='ltr' id='par_1_3' title="bbox 17 581 1285 670">
     <span class='ocr_line' id='line_1_5' title="bbox 17 581 1285 670; baseline 0 -26"><span class='ocrx_word' id='word_1_28' title='bbox 17 583 152 644; x_wconf 76' lang='lat' dir='ltr'><strong>ivinituo</strong></span> <span class='ocrx_word' id='word_1_29' title='bbox 185 601 217 644; x_wconf 83' lang='lat' dir='ltr'><strong>ae</strong></span> <span class='ocrx_word' id='word_1_30' title='bbox 251 583 408 644; x_wconf 83' lang='lat' dir='ltr'><strong>exaltatum</strong></span> <span class='ocrx_word' id='word_1_31' title='bbox 437 585 526 646; x_wconf 84' lang='lat' dir='ltr'><strong>luisse</strong></span> <span class='ocrx_word' id='word_1_32' title='bbox 556 584 719 666; x_wconf 80' lang='lat' dir='ltr'><strong>intelligat·</strong></span> <span class='ocrx_word' id='word_1_33' title='bbox 752 581 928 666; x_wconf 74' lang='lat' dir='ltr'><strong>Quanquam</strong></span> <span class='ocrx_word' id='word_1_34' title='bbox 951 591 1048 670; x_wconf 80' lang='lat' dir='ltr'><strong>potest</strong></span> <span class='ocrx_word' id='word_1_35' title='bbox 1069 589 1157 650; x_wconf 87' lang='lat' dir='ltr'><strong>etiam</strong></span> <span class='ocrx_word' id='word_1_36' title='bbox 1213 598 1216 606; x_wconf 80' lang='grc'><em>’</em></span> <span class='ocrx_word' id='word_1_37' title='bbox 1283 635 1285 644; x_wconf 80' lang='grc'>,</span> 
     </span>
    </p>
   </div>
   <div class='ocr_carea' id='block_1_4' title="bbox 440 664 450 682">
    <p class='ocr_par' dir='ltr' id='par_1_4' title="bbox 440 664 450 682">
     <span class='ocr_line' id='line_1_6' title="bbox 440 664 450 682; baseline 0 0"><span class='ocrx_word' id='word_1_38' title='bbox 440 664 450 682; x_wconf 74' lang='grc' dir='ltr'>Ι</span> 
     </span>
    </p>
   </div>
   <div class='ocr_carea' id='block_1_5' title="bbox 17 659 1246 3616">
    <p class='ocr_par' dir='ltr' id='par_1_5' title="bbox 17 659 1246 1781">
     <span class='ocr_line' id='line_1_7' title="bbox 17 659 1156 744; baseline 0.006 -22"><span class='ocrx_word' id='word_1_39' title='bbox 17 663 168 730; x_wconf 82' lang='lat' dir='ltr'><strong>nmmoda</strong></span> <span class='ocrx_word' id='word_1_40' title='bbox 186 661 304 744; x_wconf 72' lang='lat' dir='ltr'><strong>intelligi</strong></span> <span class='ocrx_word' id='word_1_41' title='bbox 319 659 376 724; x_wconf 87' lang='lat' dir='ltr'><strong>Dei</strong></span> <span class='ocrx_word' id='word_1_42' title='bbox 394 663 404 722; x_wconf 96' lang='lat' dir='ltr'>i</span> <span class='ocrx_word' id='word_1_43' title='bbox 425 683 483 724; x_wconf 81' lang='lat' dir='ltr'><strong>erne</strong></span> <span class='ocrx_word' id='word_1_44' title='bbox 503 663 639 728; x_wconf 84' lang='lat' dir='ltr'><strong>elevatio:</strong></span> <span class='ocrx_word' id='word_1_45' title='bbox 659 683 771 725; x_wconf 82' lang='lat' dir='ltr'><strong>summa</strong></span> <span class='ocrx_word' id='word_1_46' title='bbox 789 671 887 726; x_wconf 86' lang='lat' dir='ltr'><strong>tamen</strong></span> <span class='ocrx_word' id='word_1_47' title='bbox 906 665 965 728; x_wconf 87' lang='lat' dir='ltr'><strong>bno</strong></span> <span class='ocrx_word' id='word_1_48' title='bbox 983 665 1084 744; x_wconf 83' lang='lat' dir='ltr'><strong>reddit,</strong></span> <span class='ocrx_word' id='word_1_49' title='bbox 1103 669 1156 729; x_wconf 91' lang='lat' dir='ltr'><strong>im·</strong></span> 
     </span>
     <span class='ocr_line' id='line_1_8' title="bbox 17 683 1156 826; baseline 0.006 -25"><span class='ocrx_word' id='word_1_50' title='bbox 17 746 75 803; x_wconf 80' lang='lat' dir='ltr'><strong>ion</strong></span> <span class='ocrx_word' id='word_1_51' title='bbox 96 749 164 804; x_wconf 89' lang='lat' dir='ltr'><strong>toto</strong></span> <span class='ocrx_word' id='word_1_52' title='bbox 185 748 291 804; x_wconf 82' lang='lat' dir='ltr'><strong>conatu</strong></span> <span class='ocrx_word' id='word_1_53' title='bbox 309 683 473 804; x_wconf 74' lang='lat' dir='ltr'><strong>ncumdere</strong></span> <span class='ocrx_word' id='word_1_54' title='bbox 492 741 529 803; x_wconf 89' lang='lat' dir='ltr'><strong>ad</strong></span> <span class='ocrx_word' id='word_1_55' title='bbox 548 763 616 804; x_wconf 85' lang='lat' dir='ltr'><strong>oum</strong></span> <span class='ocrx_word' id='word_1_56' title='bbox 637 743 859 826; x_wconf 84' lang='lat' dir='ltr'><strong>opprimendum</strong></span> <span class='ocrx_word' id='word_1_57' title='bbox 876 764 963 826; x_wconf 86' lang='lat' dir='ltr'><strong>quem</strong></span> <span class='ocrx_word' id='word_1_58' title='bbox 973 743 1054 808; x_wconf 81' lang='lat' dir='ltr'><strong>Deus</strong></span> <span class='ocrx_word' id='word_1_59' title='bbox 1073 753 1156 808; x_wconf 77' lang='lat' dir='ltr'><strong>extu·</strong></span> 
     </span>
     <span class='ocr_line' id='line_1_9' title="bbox 17 821 1156 918; baseline 0.005 -36"><span class='ocrx_word' id='word_1_60' title='bbox 17 830 55 916; x_wconf 55' lang='lat'><strong>:¹⁹</strong></span> <span class='ocrx_word' id='word_1_61' title='bbox 77 823 109 886; x_wconf 85' lang='lat' dir='ltr'><strong>et</strong></span> <span class='ocrx_word' id='word_1_62' title='bbox 129 823 162 882; x_wconf 92' lang='lat' dir='ltr'><strong>in</strong></span> <span class='ocrx_word' id='word_1_63' title='bbox 181 841 233 882; x_wconf 83' lang='lat' dir='ltr'><strong>ena</strong></span> <span class='ocrx_word' id='word_1_64' title='bbox 252 821 400 918; x_wconf 76' lang='lat' dir='ltr'><strong>altitudine</strong></span> <span class='ocrx_word' id='word_1_65' title='bbox 420 822 586 918; x_wconf 31' lang='lat' dir='ltr'><strong>vult-tueri.</strong></span> <span class='ocrx_word' id='word_1_66' title='bbox 616 821 755 904; x_wconf 80' lang='lat' dir='ltr'>Sequitur</span> <span class='ocrx_word' id='word_1_67' title='bbox 772 831 878 902; x_wconf 85' lang='lat' dir='ltr'><strong>autem,</strong></span> <span class='ocrx_word' id='word_1_68' title='bbox 897 823 1005 886; x_wconf 86' lang='lat' dir='ltr'><strong>bellum</strong></span> <span class='ocrx_word' id='word_1_69' title='bbox 1023 843 1074 886; x_wconf 81' lang='lat' dir='ltr'><strong>aon</strong></span> <span class='ocrx_word' id='word_1_70' title='bbox 1093 847 1156 888; x_wconf 76' lang='grc' dir='ltr'><strong>ιιιι-</strong></span> 
     </span>
     <span class='ocr_line' id='line_1_10' title="bbox 17 897 1246 1078; baseline 0.007 -38"><span class='ocrx_word' id='word_1_71' title='bbox 17 897 1155 1078; x_wconf 43' lang='grc' dir='ltr'><strong>ιιιιιιιιιιιιιιιιιιιιιμιιι</strong></span> <span class='ocrx_word' id='word_1_72' title='bbox 1241 961 1246 980; x_wconf 80' lang='grc'><em>·</em></span> 
     </span>
     <span class='ocr_line' id='line_1_11' title="bbox 17 1059 1206 1142; baseline 0.005 -22"><span class='ocrx_word' id='word_1_73' title='bbox 17 1063 201 1121; x_wconf 70' lang='lat' dir='ltr'><strong>&#39;ouafionem</strong></span> <span class='ocrx_word' id='word_1_74' title='bbox 224 1081 284 1121; x_wconf 89' lang='lat' dir='ltr'><strong>nnn</strong></span> <span class='ocrx_word' id='word_1_75' title='bbox 309 1059 447 1136; x_wconf 84' lang='lat' dir='ltr'><strong>ierentee,</strong></span> <span class='ocrx_word' id='word_1_76' title='bbox 476 1080 612 1142; x_wconf 65' lang='lat' dir='ltr'><strong>perverto</strong></span> <span class='ocrx_word' id='word_1_77' title='bbox 636 1061 754 1122; x_wconf 79' lang='lat' dir='ltr'><strong>oonsilia</strong></span> <span class='ocrx_word' id='word_1_78' title='bbox 800 1063 905 1124; x_wconf 86' lang='lat' dir='ltr'><strong>notidie</strong></span> <span class='ocrx_word' id='word_1_79' title='bbox 929 1063 1071 1126; x_wconf 80' lang='lat' dir='ltr'><strong>excudere</strong></span> <span class='ocrx_word' id='word_1_80' title='bbox 1093 1065 1154 1126; x_wconf 89' lang='lat' dir='ltr'><strong>non&#39;</strong></span> <span class='ocrx_word' id='word_1_81' title='bbox 1201 1091 1206 1102; x_wconf 76' lang='lat'><strong><em>¹</em></strong></span> 
     </span>
     <span class='ocr_line' id='line_1_12' title="bbox 17 1139 1152 1237; baseline 0.004 -37"><span class='ocrx_word' id='word_1_82' title='bbox 17 1140 172 1216; x_wconf 75' lang='lat' dir='ltr'><strong>eeeabant,</strong></span> <span class='ocrx_word' id='word_1_83' title='bbox 192 1159 266 1220; x_wconf 80' lang='lat' dir='ltr'><strong>quae</strong></span> <span class='ocrx_word' id='word_1_84' title='bbox 284 1139 315 1200; x_wconf 89' lang='lat' dir='ltr'><strong>in</strong></span> <span class='ocrx_word' id='word_1_85' title='bbox 334 1139 462 1222; x_wconf 78' lang='lat' dir='ltr'><strong>ipsorum</strong></span> <span class='ocrx_word' id='word_1_86' title='bbox 482 1143 575 1237; x_wconf 81' lang='lat' dir='ltr'><strong>capita</strong></span> <span class='ocrx_word' id='word_1_87' title='bbox 593 1141 760 1218; x_wconf 78' lang='lat' dir='ltr'><strong>reciderent,</strong></span> <span class='ocrx_word' id='word_1_88' title='bbox 774 1149 849 1203; x_wconf 84' lang='lat' dir='ltr'><strong>nont</strong></span> <span class='ocrx_word' id='word_1_89' title='bbox 861 1143 948 1204; x_wconf 86' lang='lat' dir='ltr'><strong>etiam</strong></span> <span class='ocrx_word' id='word_1_90' title='bbox 958 1141 1072 1204; x_wconf 75' lang='lat' dir='ltr'><strong>Psalmo</strong></span> <span class='ocrx_word' id='word_1_91' title='bbox 1083 1142 1152 1220; x_wconf 79' lang='lat'>4‚3.</span> 
     </span>
     <span class='ocr_line' id='line_1_13' title="bbox 17 1219 1154 1303; baseline 0.004 -23"><span class='ocrx_word' id='word_1_92' title='bbox 17 1221 94 1296; x_wconf 80' lang='lat' dir='ltr'><strong>ixit,</strong></span> <span class='ocrx_word' id='word_1_93' title='bbox 119 1219 186 1280; x_wconf 80' lang='lat' dir='ltr'>Filii</span> <span class='ocrx_word' id='word_1_94' title='bbox 205 1220 260 1282; x_wconf 86' lang='lat' dir='ltr'><strong>viri</strong></span> <span class='ocrx_word' id='word_1_95' title='bbox 283 1237 434 1300; x_wconf 70' lang='lat' dir='ltr'><strong>usquequo</strong></span> <span class='ocrx_word' id='word_1_96' title='bbox 483 1240 544 1282; x_wconf 80' lang='lat' dir='ltr'><strong>orna</strong></span> <span class='ocrx_word' id='word_1_97' title='bbox 567 1239 633 1284; x_wconf 86' lang='lat' dir='ltr'><strong>mea</strong></span> <span class='ocrx_word' id='word_1_98' title='bbox 657 1219 831 1303; x_wconf 81' lang='lat' dir='ltr'><strong>opprobrio?</strong></span> <span class='ocrx_word' id='word_1_99' title='bbox 854 1221 969 1302; x_wconf 77' lang='lat' dir='ltr'><strong>diligitis</strong></span> <span class='ocrx_word' id='word_1_100' title='bbox 988 1224 1154 1300; x_wconf 85' lang='lat' dir='ltr'><strong>venitatem,</strong></span> 
     </span>
     <span class='ocr_line' id='line_1_14' title="bbox 19 1297 1152 1396; baseline 0.004 -36"><span class='ocrx_word' id='word_1_101' title='bbox 19 1301 148 1360; x_wconf 83' lang='lat' dir='ltr'><strong>uaeritin</strong></span> <span class='ocrx_word' id='word_1_102' title='bbox 166 1299 366 1362; x_wconf 74' lang='lat' dir='ltr'><strong>mendatium?</strong></span> <span class='ocrx_word' id='word_1_103' title='bbox 390 1298 457 1360; x_wconf 88' lang='lat' dir='ltr'><strong>Sela</strong></span> <span class='ocrx_word' id='word_1_104' title='bbox 478 1342 487 1360; x_wconf 87' lang='lat'><strong>.</strong></span> <span class='ocrx_word' id='word_1_105' title='bbox 527 1297 702 1396; x_wconf 76' lang='lat' dir='ltr'><strong>Quanquam</strong></span> <span class='ocrx_word' id='word_1_106' title='bbox 720 1307 816 1382; x_wconf 75' lang='lat' dir='ltr'><strong>potent</strong></span> <span class='ocrx_word' id='word_1_107' title='bbox 835 1303 922 1362; x_wconf 86' lang='lat' dir='ltr'><strong>etiam</strong></span> <span class='ocrx_word' id='word_1_108' title='bbox 940 1302 1081 1364; x_wconf 77' lang='lat' dir='ltr'><strong>mendacii</strong></span> <span class='ocrx_word' id='word_1_109' title='bbox 1100 1323 1152 1364; x_wconf 89' lang='lat' dir='ltr'><strong>no·</strong></span> 
     </span>
     <span class='ocr_line' id='line_1_15' title="bbox 17 1377 1152 1462; baseline 0.005 -24"><span class='ocrx_word' id='word_1_110' title='bbox 17 1399 78 1439; x_wconf 80' lang='lat' dir='ltr'><strong>aen</strong></span> <span class='ocrx_word' id='word_1_111' title='bbox 103 1378 205 1442; x_wconf 78' lang='lat' dir='ltr'><strong>referri</strong></span> <span class='ocrx_word' id='word_1_112' title='bbox 228 1379 266 1440; x_wconf 84' lang='lat' dir='ltr'><strong>ad</strong></span> <span class='ocrx_word' id='word_1_113' title='bbox 285 1379 412 1441; x_wconf 76' lang='lat' dir='ltr'><strong>occultae</strong></span> <span class='ocrx_word' id='word_1_114' title='bbox 431 1377 562 1454; x_wconf 67' lang='lat' dir='ltr'><strong>handen,</strong></span> <span class='ocrx_word' id='word_1_115' title='bbox 587 1380 691 1462; x_wconf 76' lang='lat' dir='ltr'><strong>quibus</strong></span> <span class='ocrx_word' id='word_1_116' title='bbox 709 1379 845 1443; x_wconf 70' lang='lat' dir='ltr'><strong>insidiose</strong></span> <span class='ocrx_word' id='word_1_117' title='bbox 864 1379 1066 1444; x_wconf 81' lang='lat' dir='ltr'><strong>adoriebantur</strong></span> <span class='ocrx_word' id='word_1_118' title='bbox 1085 1402 1152 1444; x_wconf 79' lang='lat' dir='ltr'><strong>aen·</strong></span> 
     </span>
     <span class='ocr_line' id='line_1_16' title="bbox 17 1459 1154 1546; baseline 0.004 -26"><span class='ocrx_word' id='word_1_119' title='bbox 17 1465 90 1520; x_wconf 93' lang='lat' dir='ltr'><strong>tum</strong></span> <span class='ocrx_word' id='word_1_120' title='bbox 115 1459 223 1522; x_wconf 75' lang='lat' dir='ltr'><strong>rbnm:</strong></span> <span class='ocrx_word' id='word_1_121' title='bbox 288 1459 314 1520; x_wconf 87' lang='lat' dir='ltr'><strong>‘a</strong></span> <span class='ocrx_word' id='word_1_122' title='bbox 337 1478 408 1520; x_wconf 85' lang='lat' dir='ltr'><strong>mox</strong></span> <span class='ocrx_word' id='word_1_123' title='bbox 428 1461 573 1540; x_wconf 79' lang='lat' dir='ltr'><strong>nequitur,</strong></span> <span class='ocrx_word' id='word_1_124' title='bbox 592 1482 645 1522; x_wconf 83' lang='lat' dir='ltr'><strong>ore</strong></span> <span class='ocrx_word' id='word_1_125' title='bbox 662 1481 718 1521; x_wconf 81' lang='lat' dir='ltr'><strong>eno</strong></span> <span class='ocrx_word' id='word_1_126' title='bbox 737 1459 925 1540; x_wconf 66' lang='lat' dir='ltr'><strong>benedixisse,</strong></span> <span class='ocrx_word' id='word_1_127' title='bbox 945 1484 1036 1546; x_wconf 72' lang='grc' dir='ltr'><strong>φιιιιιι</strong></span> <span class='ocrx_word' id='word_1_128' title='bbox 1054 1469 1154 1524; x_wconf 78' lang='lat' dir='ltr'><strong>tonum</strong></span> 
     </span>
     <span class='ocr_line' id='line_1_17' title="bbox 17 1479 1153 1638; baseline 0.003 -38"><span class='ocrx_word' id='word_1_129' title='bbox 17 1563 34 1599; x_wconf 79' lang='grc' dir='ltr'><strong>ι</strong></span> <span class='ocrx_word' id='word_1_130' title='bbox 60 1541 153 1600; x_wconf 79' lang='lat' dir='ltr'><strong>corde</strong></span> <span class='ocrx_word' id='word_1_131' title='bbox 171 1479 383 1600; x_wconf 53' lang='grc' dir='ltr'><strong>ΜΣΝ.</strong></span> <span class='ocrx_word' id='word_1_132' title='bbox 423 1537 620 1621; x_wconf 80' lang='lat' dir='ltr'><strong>Utonuqnani</strong></span> <span class='ocrx_word' id='word_1_133' title='bbox 662 1546 762 1602; x_wconf 81' lang='lat' dir='ltr'><strong>eontra</strong></span> <span class='ocrx_word' id='word_1_134' title='bbox 780 1561 897 1603; x_wconf 87' lang='lat' dir='ltr'><strong>omnem</strong></span> <span class='ocrx_word' id='word_1_135' title='bbox 905 1540 1070 1638; x_wconf 83' lang='lat' dir='ltr'><strong>perfidiam,</strong></span> <span class='ocrx_word' id='word_1_136' title='bbox 1089 1561 1153 1611; x_wconf 54' lang='lat' dir='ltr'><strong>ome</strong></span> 
     </span>
     <span class='ocr_line' id='line_1_18' title="bbox 18 1617 1151 1701; baseline 0.004 -23"><span class='ocrx_word' id='word_1_137' title='bbox 18 1637 59 1678; x_wconf 82' lang='lat' dir='ltr'><strong>es</strong></span> <span class='ocrx_word' id='word_1_138' title='bbox 79 1617 197 1680; x_wconf 73' lang='lat' dir='ltr'><strong>fraudes</strong></span> <span class='ocrx_word' id='word_1_139' title='bbox 215 1625 245 1679; x_wconf 85' lang='lat' dir='ltr'><strong>et</strong></span> <span class='ocrx_word' id='word_1_140' title='bbox 262 1637 354 1679; x_wconf 81' lang='lat' dir='ltr'><strong>noxae</strong></span> <span class='ocrx_word' id='word_1_141' title='bbox 373 1617 430 1680; x_wconf 85' lang='lat' dir='ltr'><strong>boe</strong></span> <span class='ocrx_word' id='word_1_142' title='bbox 448 1637 508 1680; x_wconf 87' lang='lat' dir='ltr'><strong>uun</strong></span> <span class='ocrx_word' id='word_1_143' title='bbox 528 1638 560 1680; x_wconf 85' lang='lat' dir='ltr'><strong>oe</strong></span> <span class='ocrx_word' id='word_1_144' title='bbox 579 1621 672 1681; x_wconf 90' lang='lat' dir='ltr'><strong>munit</strong></span> <span class='ocrx_word' id='word_1_145' title='bbox 682 1617 786 1694; x_wconf 82' lang='lat' dir='ltr'><strong>David,</strong></span> <span class='ocrx_word' id='word_1_146' title='bbox 805 1621 885 1701; x_wconf 89' lang='lat' dir='ltr'><strong>quod</strong></span> <span class='ocrx_word' id='word_1_147' title='bbox 904 1617 1000 1682; x_wconf 84' lang='lat' dir='ltr'><strong>naDei</strong></span> <span class='ocrx_word' id='word_1_148' title='bbox 1012 1619 1151 1683; x_wconf 83' lang='lat' dir='ltr'><strong>ialtnram</strong></span> 
     </span>
     <span class='ocr_line' id='line_1_19' title="bbox 17 1697 942 1781; baseline 0.001 -21"><span class='ocrx_word' id='word_1_149' title='bbox 17 1697 190 1774; x_wconf 81' lang='lat' dir='ltr'><strong>eoumbane,</strong></span> <span class='ocrx_word' id='word_1_150' title='bbox 208 1698 314 1760; x_wconf 77' lang='lat' dir='ltr'><strong>bunne</strong></span> <span class='ocrx_word' id='word_1_151' title='bbox 333 1698 466 1759; x_wconf 78' lang='lat' dir='ltr'><strong>omuibus</strong></span> <span class='ocrx_word' id='word_1_152' title='bbox 484 1699 611 1760; x_wconf 75' lang='lat' dir='ltr'><strong>adversio</strong></span> <span class='ocrx_word' id='word_1_153' title='bbox 629 1699 767 1761; x_wconf 75' lang='lat' dir='ltr'><strong>machinis</strong></span> <span class='ocrx_word' id='word_1_154' title='bbox 785 1699 942 1781; x_wconf 86' lang='lat' dir='ltr'><strong>impetitur.</strong></span> 
     </span>
    </p>

    <p class='ocr_par' dir='ltr' id='par_1_6' title="bbox 17 1775 1204 3616">
     <span class='ocr_line' id='line_1_20' title="bbox 81 1775 1153 1876; baseline 0.001 -35"><span class='ocrx_word' id='word_1_155' title='bbox 81 1780 126 1874; x_wconf 82' lang='grc' dir='ltr'><strong>Ι6.</strong></span> <span class='ocrx_word' id='word_1_156' title='bbox 152 1781 351 1840; x_wconf 64' lang='lat' dir='ltr'><strong>Veruntamen</strong></span> <span class='ocrx_word' id='word_1_157' title='bbox 374 1779 417 1839; x_wconf 85' lang='lat' dir='ltr'><strong>ud</strong></span> <span class='ocrx_word' id='word_1_158' title='bbox 433 1781 540 1875; x_wconf 70' lang='lat' dir='ltr'><strong>Deum.</strong></span> <span class='ocrx_word' id='word_1_159' title='bbox 570 1775 691 1841; x_wconf 86' lang='lat' dir='ltr'><strong>Videtur</strong></span> <span class='ocrx_word' id='word_1_160' title='bbox 709 1779 849 1876; x_wconf 69' lang='lat' dir='ltr'><strong>quaedam</strong></span> <span class='ocrx_word' id='word_1_161' title='bbox 867 1798 931 1876; x_wconf 63' lang='lat' dir='ltr'><strong>enee</strong></span> <span class='ocrx_word' id='word_1_162' title='bbox 949 1781 1153 1863; x_wconf 56' lang='lat' dir='ltr'><strong>nepnpentiae</strong></span> 
     </span>
     <span class='ocr_line' id='line_1_21' title="bbox 17 1855 1153 2021; baseline 0.003 -23"><span class='ocrx_word' id='word_1_163' title='bbox 17 1855 247 2000; x_wconf 56' lang='lat' dir='ltr'><strong>malli</strong></span> <span class='ocrx_word' id='word_1_164' title='bbox 297 1857 1153 2021; x_wconf 57' lang='lat' dir='ltr'><strong>tll&#39;lrttttttlt‘ilttlllttttltt</strong></span> 
     </span>
     <span class='ocr_line' id='line_1_22' title="bbox 17 2017 1151 2098; baseline 0.004 -22"><span class='ocrx_word' id='word_1_165' title='bbox 17 2037 123 2078; x_wconf 84' lang='lat' dir='ltr'><strong>rovum</strong></span> <span class='ocrx_word' id='word_1_166' title='bbox 141 2017 283 2079; x_wconf 80' lang='lat' dir='ltr'><strong>edentium</strong></span> <span class='ocrx_word' id='word_1_167' title='bbox 301 2017 397 2094; x_wconf 78' lang='lat' dir='ltr'><strong>indici,</strong></span> <span class='ocrx_word' id='word_1_168' title='bbox 416 2019 499 2098; x_wconf 79' lang='lat' dir='ltr'><strong>quani</strong></span> <span class='ocrx_word' id='word_1_169' title='bbox 508 2019 749 2080; x_wconf 81' lang='lat' dir='ltr'><strong>tumultuaretur?</strong></span> <span class='ocrx_word' id='word_1_170' title='bbox 768 2017 997 2080; x_wconf 79' lang='lat' dir='ltr'><strong>Seduotaudrim</strong></span> <span class='ocrx_word' id='word_1_171' title='bbox 1006 2025 1061 2095; x_wconf 82' lang='lat' dir='ltr'><strong>eat,</strong></span> <span class='ocrx_word' id='word_1_172' title='bbox 1072 2039 1151 2080; x_wconf 86' lang='lat' dir='ltr'><strong>nun-</strong></span> 
     </span>
     <span class='ocr_line' id='line_1_23' title="bbox 17 2097 1151 2195; baseline 0.002 -37"><span class='ocrx_word' id='word_1_173' title='bbox 17 2115 101 2178; x_wconf 77' lang='lat' dir='ltr'><strong>[uam</strong></span> <span class='ocrx_word' id='word_1_174' title='bbox 119 2099 160 2158; x_wconf 88' lang='lat' dir='ltr'><strong>ita</strong></span> <span class='ocrx_word' id='word_1_175' title='bbox 178 2097 251 2158; x_wconf 88' lang='lat' dir='ltr'><strong>beno</strong></span> <span class='ocrx_word' id='word_1_176' title='bbox 270 2105 386 2179; x_wconf 65' lang='lat' dir='ltr'><strong>punam</strong></span> <span class='ocrx_word' id='word_1_177' title='bbox 405 2114 468 2159; x_wconf 81' lang='lat' dir='ltr'><strong>eene</strong></span> <span class='ocrx_word' id='word_1_178' title='bbox 487 2105 599 2160; x_wconf 76' lang='lat' dir='ltr'><strong>menter</strong></span> <span class='ocrx_word' id='word_1_179' title='bbox 617 2106 731 2160; x_wconf 78' lang='lat' dir='ltr'><strong>noatm</strong></span> <span class='ocrx_word' id='word_1_180' title='bbox 747 2101 817 2195; x_wconf 86' lang='lat' dir='ltr'><strong>quin</strong></span> <span class='ocrx_word' id='word_1_181' title='bbox 833 2099 955 2160; x_wconf 76' lang='lat' dir='ltr'><strong>amtiant</strong></span> <span class='ocrx_word' id='word_1_182' title='bbox 971 2117 1072 2160; x_wconf 88' lang='lat' dir='ltr'><strong>oaoons</strong></span> <span class='ocrx_word' id='word_1_183' title='bbox 1088 2119 1151 2160; x_wconf 87' lang='lat' dir='ltr'><strong>mo·</strong></span> 
     </span>
     <span class='ocr_line' id='line_1_24' title="bbox 17 2177 1204 2262; baseline 0.003 -24"><span class='ocrx_word' id='word_1_184' title='bbox 17 2197 73 2238; x_wconf 81' lang='lat' dir='ltr'><strong>ns:</strong></span> <span class='ocrx_word' id='word_1_185' title='bbox 100 2177 340 2258; x_wconf 87' lang='lat' dir='ltr'><strong>quemadmodum</strong></span> <span class='ocrx_word' id='word_1_186' title='bbox 363 2179 389 2238; x_wconf 85' lang='lat' dir='ltr'><strong>ni</strong></span> <span class='ocrx_word' id='word_1_187' title='bbox 412 2197 492 2240; x_wconf 82' lang='lat' dir='ltr'><strong>mare</strong></span> <span class='ocrx_word' id='word_1_188' title='bbox 510 2185 691 2241; x_wconf 81' lang='lat' dir='ltr'><strong>commoveat</strong></span> <span class='ocrx_word' id='word_1_189' title='bbox 709 2179 781 2240; x_wconf 79' lang='lat' dir='ltr'><strong>levus</strong></span> <span class='ocrx_word' id='word_1_190' title='bbox 800 2197 884 2254; x_wconf 85' lang='lat' dir='ltr'><strong>aura,</strong></span> <span class='ocrx_word' id='word_1_191' title='bbox 908 2191 971 2240; x_wconf 83' lang='lat' dir='ltr'><strong>non·</strong></span> <span class='ocrx_word' id='word_1_192' title='bbox 992 2185 1026 2240; x_wconf 93' lang='lat' dir='ltr'><strong>nt</strong></span> <span class='ocrx_word' id='word_1_193' title='bbox 1044 2197 1150 2262; x_wconf 76' lang='lat' dir='ltr'><strong>magno</strong></span> <span class='ocrx_word' id='word_1_194' title='bbox 1202 2185 1204 2191; x_wconf 83' lang='grc'><em>’</em></span> 
     </span>
     <span class='ocr_line' id='line_1_25' title="bbox 17 2255 1175 2340; baseline 0.003 -22"><span class='ocrx_word' id='word_1_195' title='bbox 17 2276 128 2318; x_wconf 82' lang='lat' dir='ltr'><strong>eruore</strong></span> <span class='ocrx_word' id='word_1_196' title='bbox 146 2265 263 2340; x_wconf 73' lang='lat' dir='ltr'><strong>surgant</strong></span> <span class='ocrx_word' id='word_1_197' title='bbox 281 2259 400 2329; x_wconf 70' lang='lat' dir='ltr'><strong>liunus,</strong></span> <span class='ocrx_word' id='word_1_198' title='bbox 419 2259 571 2319; x_wconf 83' lang='lat' dir='ltr'><strong>eit&#39;tamen</strong></span> <span class='ocrx_word' id='word_1_199' title='bbox 590 2259 685 2340; x_wconf 80' lang='lat' dir='ltr'><strong>aliqua</strong></span> <span class='ocrx_word' id='word_1_200' title='bbox 705 2260 862 2320; x_wconf 82' lang='lat' dir='ltr'><strong>lluebratio.</strong></span> <span class='ocrx_word' id='word_1_201' title='bbox 883 2255 983 2338; x_wconf 88' lang='lat' dir='ltr'><strong>Quum</strong></span> <span class='ocrx_word' id='word_1_202' title='bbox 1003 2277 1072 2340; x_wconf 76' lang='lat' dir='ltr'><strong>ergo</strong></span> <span class='ocrx_word' id='word_1_203' title='bbox 1091 2279 1152 2322; x_wconf 90' lang='lat' dir='ltr'><strong>non</strong></span> <span class='ocrx_word' id='word_1_204' title='bbox 1173 2293 1175 2296; x_wconf 95' lang='lat'>·</span> 
     </span>
     <span class='ocr_line' id='line_1_26' title="bbox 17 2337 1152 2422; baseline 0.002 -24"><span class='ocrx_word' id='word_1_205' title='bbox 17 2341 71 2398; x_wconf 90' lang='lat' dir='ltr'><strong>ine</strong></span> <span class='ocrx_word' id='word_1_206' title='bbox 92 2337 189 2420; x_wconf 84' lang='lat' dir='ltr'><strong>aliqua</strong></span> <span class='ocrx_word' id='word_1_207' title='bbox 206 2339 359 2400; x_wconf 71' lang='lat' dir='ltr'><strong>notatione</strong></span> <span class='ocrx_word' id='word_1_208' title='bbox 377 2357 409 2399; x_wconf 82' lang='lat' dir='ltr'><strong>ae</strong></span> <span class='ocrx_word' id='word_1_209' title='bbox 428 2339 593 2400; x_wconf 76' lang='lat' dir='ltr'><strong>contineant</strong></span> <span class='ocrx_word' id='word_1_210' title='bbox 611 2341 727 2422; x_wconf 86' lang='lat' dir='ltr'><strong>piorum</strong></span> <span class='ocrx_word' id='word_1_211' title='bbox 745 2345 869 2415; x_wconf 78' lang='lat' dir='ltr'><strong>mentae,</strong></span> <span class='ocrx_word' id='word_1_212' title='bbox 888 2359 949 2400; x_wconf 90' lang='lat' dir='ltr'><strong>non</strong></span> <span class='ocrx_word' id='word_1_213' title='bbox 968 2337 1020 2401; x_wconf 84' lang='lat' dir='ltr'><strong>aba</strong></span> <span class='ocrx_word' id='word_1_214' title='bbox 1038 2358 1072 2400; x_wconf 88' lang='lat' dir='ltr'><strong>re</strong></span> <span class='ocrx_word' id='word_1_215' title='bbox 1089 2337 1152 2400; x_wconf 90' lang='lat' dir='ltr'><strong>Da·</strong></span> 
     </span>
     <span class='ocr_line' id='line_1_27' title="bbox 17 2417 1151 2500; baseline 0.002 -22"><span class='ocrx_word' id='word_1_216' title='bbox 17 2419 58 2478; x_wconf 84' lang='lat' dir='ltr'><strong>u‘d</strong></span> <span class='ocrx_word' id='word_1_217' title='bbox 78 2419 204 2480; x_wconf 83' lang='lat' dir='ltr'><strong>animam</strong></span> <span class='ocrx_word' id='word_1_218' title='bbox 224 2437 315 2493; x_wconf 82' lang='lat' dir='ltr'><strong>suam,</strong></span> <span class='ocrx_word' id='word_1_219' title='bbox 334 2435 408 2500; x_wconf 85' lang='lat' dir='ltr'><strong>quae</strong></span> <span class='ocrx_word' id='word_1_220' title='bbox 425 2419 483 2480; x_wconf 88' lang='lat' dir='ltr'><strong>inm</strong></span> <span class='ocrx_word' id='word_1_221' title='bbox 502 2419 599 2500; x_wconf 83' lang='lat' dir='ltr'><strong>quieta</strong></span> <span class='ocrx_word' id='word_1_222' title='bbox 617 2426 689 2494; x_wconf 87' lang='lat' dir='ltr'><strong>erat,</strong></span> <span class='ocrx_word' id='word_1_223' title='bbox 708 2420 902 2482; x_wconf 74' lang='lat' dir='ltr'><strong>oontieewere</strong></span> <span class='ocrx_word' id='word_1_224' title='bbox 922 2417 1010 2492; x_wconf 77' lang='lat' dir='ltr'><strong>iubet,</strong></span> <span class='ocrx_word' id='word_1_225' title='bbox 1030 2420 1089 2480; x_wconf 80' lang='lat' dir='ltr'><strong>anei</strong></span> <span class='ocrx_word' id='word_1_226' title='bbox 1109 2419 1151 2480; x_wconf 87' lang='lat' dir='ltr'><strong>di·</strong></span> 
     </span>
     <span class='ocr_line' id='line_1_28' title="bbox 17 2497 1153 2580; baseline 0.002 -21"><span class='ocrx_word' id='word_1_227' title='bbox 17 2507 104 2574; x_wconf 76' lang='lat' dir='ltr'><strong>eret,</strong></span> <span class='ocrx_word' id='word_1_228' title='bbox 128 2497 181 2560; x_wconf 78' lang='lat' dir='ltr'><strong>eibi</strong></span> <span class='ocrx_word' id='word_1_229' title='bbox 198 2499 289 2580; x_wconf 76' lang='lat' dir='ltr'><strong>magio</strong></span> <span class='ocrx_word' id='word_1_230' title='bbox 308 2517 343 2558; x_wconf 85' lang='lat' dir='ltr'><strong>ae</strong></span> <span class='ocrx_word' id='word_1_231' title='bbox 367 2499 458 2579; x_wconf 79' lang='lat' dir='ltr'><strong>magia</strong></span> <span class='ocrx_word' id='word_1_232' title='bbox 483 2497 690 2579; x_wconf 74' lang='lat' dir='ltr'><strong>proficiendnm</strong></span> <span class='ocrx_word' id='word_1_233' title='bbox 708 2515 772 2560; x_wconf 79' lang='lat' dir='ltr'><strong>etue</strong></span> <span class='ocrx_word' id='word_1_234' title='bbox 791 2501 821 2560; x_wconf 93' lang='lat' dir='ltr'><strong>in</strong></span> <span class='ocrx_word' id='word_1_235' title='bbox 840 2497 897 2559; x_wconf 88' lang='lat' dir='ltr'><strong>hoo</strong></span> <span class='ocrx_word' id='word_1_236' title='bbox 916 2499 1038 2576; x_wconf 76' lang='lat' dir='ltr'><strong>silentio,</strong></span> <span class='ocrx_word' id='word_1_237' title='bbox 1059 2499 1153 2561; x_wconf 82' lang='lat' dir='ltr'><strong>donea</strong></span> 
     </span>
     <span class='ocr_line' id='line_1_29' title="bbox 17 2577 1152 2660; baseline 0.002 -22"><span class='ocrx_word' id='word_1_238' title='bbox 17 2597 100 2638; x_wconf 73' lang='lat' dir='ltr'><strong>tarne</strong></span> <span class='ocrx_word' id='word_1_239' title='bbox 118 2578 149 2638; x_wconf 87' lang='lat' dir='ltr'><strong>in</strong></span> <span class='ocrx_word' id='word_1_240' title='bbox 167 2584 260 2640; x_wconf 87' lang='lat' dir='ltr'><strong>totum</strong></span> <span class='ocrx_word' id='word_1_241' title='bbox 278 2577 410 2660; x_wconf 67' lang='lat' dir='ltr'><strong>uuna,</strong></span> <span class='ocrx_word' id='word_1_242' title='bbox 434 2579 610 2660; x_wconf 70' lang='lat' dir='ltr'><strong>componitur</strong></span> <span class='ocrx_word' id='word_1_243' title='bbox 630 2580 668 2640; x_wconf 83' lang='lat' dir='ltr'><strong>rit</strong></span> <span class='ocrx_word' id='word_1_244' title='bbox 686 2579 723 2639; x_wconf 90' lang='lat' dir='ltr'><strong>ad</strong></span> <span class='ocrx_word' id='word_1_245' title='bbox 742 2577 800 2640; x_wconf 89' lang='lat' dir='ltr'><strong>Dei</strong></span> <span class='ocrx_word' id='word_1_246' title='bbox 819 2577 998 2659; x_wconf 79' lang='lat' dir='ltr'><strong>obsequium.</strong></span> <span class='ocrx_word' id='word_1_247' title='bbox 1037 2577 1152 2640; x_wconf 81' lang='lat' dir='ltr'><strong>Deinde</strong></span> 
     </span>
     <span class='ocr_line' id='line_1_30' title="bbox 17 2656 1149 2748; baseline 0.002 -30"><span class='ocrx_word' id='word_1_248' title='bbox 17 2659 141 2718; x_wconf 84' lang='lat' dir='ltr'><strong>idemne</strong></span> <span class='ocrx_word' id='word_1_249' title='bbox 164 2665 199 2720; x_wconf 88' lang='lat' dir='ltr'><strong>nt</strong></span> <span class='ocrx_word' id='word_1_250' title='bbox 221 2657 336 2748; x_wconf 84' lang='lat' dir='ltr'><strong>eaepine</strong></span> <span class='ocrx_word' id='word_1_251' title='bbox 359 2658 395 2718; x_wconf 88' lang='lat' dir='ltr'><strong>ad</strong></span> <span class='ocrx_word' id='word_1_252' title='bbox 420 2677 527 2718; x_wconf 85' lang='lat' dir='ltr'><strong>noram</strong></span> <span class='ocrx_word' id='word_1_253' title='bbox 551 2658 776 2740; x_wconf 83' lang='lat' dir='ltr'><strong>inquietudinem</strong></span> <span class='ocrx_word' id='word_1_254' title='bbox 800 2658 897 2718; x_wconf 76' lang='lat' dir='ltr'><strong>titillet</strong></span> <span class='ocrx_word' id='word_1_255' title='bbox 916 2656 1008 2719; x_wconf 86' lang='lat' dir='ltr'><strong>Satan</strong></span> <span class='ocrx_word' id='word_1_256' title='bbox 1033 2659 1084 2740; x_wconf 90' lang='lat' dir='ltr'><strong>qui</strong></span> <span class='ocrx_word' id='word_1_257' title='bbox 1108 2661 1149 2720; x_wconf 90' lang='lat' dir='ltr'><strong>vi·</strong></span> 
     </span>
     <span class='ocr_line' id='line_1_31' title="bbox 17 2735 1147 2820; baseline 0.002 -22"><span class='ocrx_word' id='word_1_258' title='bbox 17 2740 117 2798; x_wconf 85' lang='lat' dir='ltr'><strong>lentur</strong></span> <span class='ocrx_word' id='word_1_259' title='bbox 134 2739 240 2820; x_wconf 86' lang='lat' dir='ltr'><strong>optimo</strong></span> <span class='ocrx_word' id='word_1_260' title='bbox 258 2738 356 2799; x_wconf 74' lang='lat' dir='ltr'><strong>sedati.</strong></span> <span class='ocrx_word' id='word_1_261' title='bbox 397 2737 437 2799; x_wconf 87' lang='lat' dir='ltr'><strong>Ut</strong></span> <span class='ocrx_word' id='word_1_262' title='bbox 455 2744 551 2799; x_wconf 87' lang='lat' dir='ltr'><strong>autem</strong></span> <span class='ocrx_word' id='word_1_263' title='bbox 570 2757 670 2800; x_wconf 76' lang='lat' dir='ltr'><strong>amnuo</strong></span> <span class='ocrx_word' id='word_1_264' title='bbox 689 2735 843 2813; x_wconf 76' lang='lat' dir='ltr'><strong>instabiles,</strong></span> <span class='ocrx_word' id='word_1_265' title='bbox 862 2737 947 2798; x_wconf 91' lang='lat' dir='ltr'><strong>etad</strong></span> <span class='ocrx_word' id='word_1_266' title='bbox 968 2739 1064 2799; x_wconf 83' lang='lat' dir='ltr'><strong>verine</strong></span> <span class='ocrx_word' id='word_1_267' title='bbox 1084 2759 1147 2800; x_wconf 87' lang='lat' dir='ltr'><strong>mo-</strong></span> 
     </span>
     <span class='ocr_line' id='line_1_32' title="bbox 18 2813 1150 2900; baseline 0.002 -23"><span class='ocrx_word' id='word_1_268' title='bbox 18 2839 53 2877; x_wconf 80' lang='lat' dir='ltr'><strong>us</strong></span> <span class='ocrx_word' id='word_1_269' title='bbox 75 2817 144 2900; x_wconf 84' lang='lat' dir='ltr'><strong>pina</strong></span> <span class='ocrx_word' id='word_1_270' title='bbox 161 2819 230 2878; x_wconf 79' lang='lat' dir='ltr'><strong>autin</strong></span> <span class='ocrx_word' id='word_1_271' title='bbox 248 2819 346 2900; x_wconf 84' lang='lat' dir='ltr'><strong>proni,</strong></span> <span class='ocrx_word' id='word_1_272' title='bbox 365 2837 440 2900; x_wconf 78' lang='lat' dir='ltr'><strong>opus</strong></span> <span class='ocrx_word' id='word_1_273' title='bbox 458 2824 510 2879; x_wconf 54' lang='lat' dir='ltr'><strong>eet*</strong></span> <span class='ocrx_word' id='word_1_274' title='bbox 521 2837 599 2880; x_wconf 84' lang='lat' dir='ltr'><strong>nova</strong></span> <span class='ocrx_word' id='word_1_275' title='bbox 618 2818 841 2880; x_wconf 81' lang='lat' dir='ltr'><strong>confirmatione</strong></span> <span class='ocrx_word' id='word_1_276' title='bbox 882 2813 982 2895; x_wconf 84' lang='lat' dir='ltr'><strong>Quare</strong></span> <span class='ocrx_word' id='word_1_277' title='bbox 1007 2835 1053 2878; x_wconf 79' lang='lat' dir='ltr'><strong>ne</strong></span> <span class='ocrx_word' id='word_1_278' title='bbox 1062 2819 1150 2879; x_wconf 89' lang='lat' dir='ltr'><strong>mire-</strong></span> 
     </span>
     <span class='ocr_line' id='line_1_33' title="bbox 17 2895 1150 2980; baseline 0.001 -23"><span class='ocrx_word' id='word_1_279' title='bbox 17 2919 75 2958; x_wconf 86' lang='lat' dir='ltr'><strong>nur</strong></span> <span class='ocrx_word' id='word_1_280' title='bbox 103 2898 127 2957; x_wconf 85' lang='lat' dir='ltr'><strong>ni</strong></span> <span class='ocrx_word' id='word_1_281' title='bbox 145 2895 241 2959; x_wconf 79' lang='lat' dir='ltr'><strong>David</strong></span> <span class='ocrx_word' id='word_1_282' title='bbox 264 2900 388 2959; x_wconf 80' lang='lat' dir='ltr'><strong>animm</strong></span> <span class='ocrx_word' id='word_1_283' title='bbox 411 2915 493 2959; x_wconf 75' lang='lat' dir='ltr'><strong>uuam</strong></span> <span class='ocrx_word' id='word_1_284' title='bbox 513 2915 588 2980; x_wconf 87' lang='lat' dir='ltr'><strong>qnae</strong></span> <span class='ocrx_word' id='word_1_285' title='bbox 606 2899 665 2960; x_wconf 86' lang='lat' dir='ltr'><strong>iam</strong></span> <span class='ocrx_word' id='word_1_286' title='bbox 684 2897 796 2960; x_wconf 83' lang='lat' dir='ltr'><strong>silentio</strong></span> <span class='ocrx_word' id='word_1_287' title='bbox 816 2903 1024 2972; x_wconf 68' lang='lat' dir='ltr'><strong>enuclearet,</strong></span> <span class='ocrx_word' id='word_1_288' title='bbox 1048 2917 1150 2958; x_wconf 80' lang='lat' dir='ltr'><strong>rnroue</strong></span> 
     </span>
     <span class='ocr_line' id='line_1_34' title="bbox 17 2975 1148 3060; baseline 0 -22"><span class='ocrx_word' id='word_1_289' title='bbox 17 2981 128 3038; x_wconf 80' lang='lat' dir='ltr'><strong>auitam</strong></span> <span class='ocrx_word' id='word_1_290' title='bbox 146 2995 207 3038; x_wconf 80' lang='lat' dir='ltr'><strong>ease</strong></span> <span class='ocrx_word' id='word_1_291' title='bbox 219 2975 310 3038; x_wconf 83' lang='lat' dir='ltr'><strong>iubet:</strong></span> <span class='ocrx_word' id='word_1_292' title='bbox 330 2979 399 3058; x_wconf 75' lang='lat' dir='ltr'><strong>quia</strong></span> <span class='ocrx_word' id='word_1_293' title='bbox 412 2979 487 3039; x_wconf 87' lang='lat' dir='ltr'><strong>inter</strong></span> <span class='ocrx_word' id='word_1_294' title='bbox 501 2979 594 3039; x_wconf 78' lang='lat' dir='ltr'><strong>narnia</strong></span> <span class='ocrx_word' id='word_1_295' title='bbox 609 2979 749 3060; x_wconf 71' lang='lat' dir='ltr'><strong>impulsus</strong></span> <span class='ocrx_word' id='word_1_296' title='bbox 765 2995 913 3058; x_wconf 85' lang='lat' dir='ltr'><strong>nunquam</strong></span> <span class='ocrx_word' id='word_1_297' title='bbox 927 2975 1054 3058; x_wconf 79' lang='lat' dir='ltr'><strong>periente</strong></span> <span class='ocrx_word' id='word_1_298' title='bbox 1070 2979 1148 3057; x_wconf 87' lang='lat' dir='ltr'><strong>qnie-</strong></span> 
     </span>
     <span class='ocr_line' id='line_1_35' title="bbox 17 3055 1150 3140; baseline 0.002 -25"><span class='ocrx_word' id='word_1_299' title='bbox 17 3059 119 3118; x_wconf 64' lang='lat' dir='ltr'><strong>rnimue</strong></span> <span class='ocrx_word' id='word_1_300' title='bbox 142 3063 176 3118; x_wconf 89' lang='lat' dir='ltr'><strong>nt</strong></span> <span class='ocrx_word' id='word_1_301' title='bbox 195 3055 319 3118; x_wconf 76' lang='lat' dir='ltr'><strong>teoebaa</strong></span> <span class='ocrx_word' id='word_1_302' title='bbox 358 3055 398 3118; x_wconf 86' lang='lat' dir='ltr'><strong>Et</strong></span> <span class='ocrx_word' id='word_1_303' title='bbox 416 3057 577 3140; x_wconf 81' lang='lat' dir='ltr'><strong>peniculum</strong></span> <span class='ocrx_word' id='word_1_304' title='bbox 595 3065 639 3119; x_wconf 81' lang='lat' dir='ltr'><strong>aet</strong></span> <span class='ocrx_word' id='word_1_305' title='bbox 657 3079 695 3120; x_wconf 86' lang='lat' dir='ltr'><strong>ne</strong></span> <span class='ocrx_word' id='word_1_306' title='bbox 713 3055 907 3120; x_wconf 76' lang='lat' dir='ltr'><strong>exorientdtuo</strong></span> <span class='ocrx_word' id='word_1_307' title='bbox 926 3055 1046 3118; x_wconf 82' lang='lat' dir='ltr'><strong>subinde</strong></span> <span class='ocrx_word' id='word_1_308' title='bbox 1065 3057 1150 3117; x_wconf 81' lang='lat' dir='ltr'><strong>novis</strong></span> 
     </span>
     <span class='ocr_line' id='line_1_36' title="bbox 17 3135 1149 3218; baseline -0.002 -20"><span class='ocrx_word' id='word_1_309' title='bbox 17 3138 119 3212; x_wconf 69' lang='lat' dir='ltr'><strong>rantis,</strong></span> <span class='ocrx_word' id='word_1_310' title='bbox 147 3137 278 3198; x_wconf 75' lang='lat' dir='ltr'><strong>tutetur</strong></span> <span class='ocrx_word' id='word_1_311' title='bbox 295 3139 414 3198; x_wconf 88' lang='lat' dir='ltr'><strong>interior</strong></span> <span class='ocrx_word' id='word_1_312' title='bbox 432 3143 531 3200; x_wconf 80' lang='lat' dir='ltr'><strong>anatra</strong></span> <span class='ocrx_word' id='word_1_313' title='bbox 560 3144 625 3199; x_wconf 86' lang='lat' dir='ltr'><strong>tran</strong></span> <span class='ocrx_word' id='word_1_314' title='bbox 647 3139 764 3199; x_wconf 81' lang='lat' dir='ltr'><strong>uillitao:</strong></span> <span class='ocrx_word' id='word_1_315' title='bbox 789 3136 911 3217; x_wconf 86' lang='lat' dir='ltr'><strong>ideoque</strong></span> <span class='ocrx_word' id='word_1_316' title='bbox 936 3136 1071 3218; x_wconf 78' lang='lat' dir='ltr'><strong>exemplo</strong></span> <span class='ocrx_word' id='word_1_317' title='bbox 1091 3135 1149 3196; x_wconf 86' lang='lat' dir='ltr'><strong>Da-</strong></span> 
     </span>
     <span class='ocr_line' id='line_1_37' title="bbox 17 3216 1149 3300; baseline -0.001 -23"><span class='ocrx_word' id='word_1_318' title='bbox 17 3219 98 3290; x_wconf 83' lang='lat' dir='ltr'><strong>u&#39;diu‚</strong></span> <span class='ocrx_word' id='word_1_319' title='bbox 117 3216 152 3276; x_wconf 86' lang='lat' dir='ltr'><strong>ud</strong></span> <span class='ocrx_word' id='word_1_320' title='bbox 170 3217 348 3300; x_wconf 78' lang='lat' dir='ltr'><strong>pergendum</strong></span> <span class='ocrx_word' id='word_1_321' title='bbox 366 3237 421 3279; x_wconf 81' lang='lat' dir='ltr'><strong>noo</strong></span> <span class='ocrx_word' id='word_1_322' title='bbox 440 3217 597 3279; x_wconf 81' lang='lat' dir='ltr'><strong>hortemur.</strong></span> <span class='ocrx_word' id='word_1_323' title='bbox 659 3217 750 3280; x_wconf 87' lang='lat' dir='ltr'><strong>ilentii</strong></span> <span class='ocrx_word' id='word_1_324' title='bbox 769 3218 815 3278; x_wconf 83' lang='lat' dir='ltr'><strong>oni</strong></span> <span class='ocrx_word' id='word_1_325' title='bbox 833 3233 949 3276; x_wconf 76' lang='lat' dir='ltr'><strong>canem</strong></span> <span class='ocrx_word' id='word_1_326' title='bbox 969 3217 1062 3297; x_wconf 77' lang='lat' dir='ltr'><strong>ponit,</strong></span> <span class='ocrx_word' id='word_1_327' title='bbox 1081 3217 1149 3296; x_wconf 88' lang='lat' dir='ltr'><strong>quia</strong></span> 
     </span>
     <span class='ocr_line' id='line_1_38' title="bbox 17 3293 1147 3396; baseline 0 -40"><span class='ocrx_word' id='word_1_328' title='bbox 17 3299 58 3357; x_wconf 79' lang='lat' dir='ltr'><strong>tei</strong></span> <span class='ocrx_word' id='word_1_329' title='bbox 81 3316 140 3358; x_wconf 93' lang='lat' dir='ltr'><strong>non</strong></span> <span class='ocrx_word' id='word_1_330' title='bbox 158 3299 255 3359; x_wconf 78' lang='lat' dir='ltr'><strong>otadm</strong></span> <span class='ocrx_word' id='word_1_331' title='bbox 273 3297 444 3378; x_wconf 80' lang='lat' dir='ltr'><strong>respondeat</strong></span> <span class='ocrx_word' id='word_1_332' title='bbox 462 3295 609 3394; x_wconf 31' lang='lat' dir='ltr'><strong>Deum-in</strong></span> <span class='ocrx_word' id='word_1_333' title='bbox 627 3317 664 3396; x_wconf 75' lang='lat'><strong>⁰⁰.</strong></span> <span class='ocrx_word' id='word_1_334' title='bbox 682 3305 778 3360; x_wconf 82' lang='lat' dir='ltr'><strong>tamen</strong></span> <span class='ocrx_word' id='word_1_335' title='bbox 797 3302 861 3357; x_wconf 88' lang='lat' dir='ltr'><strong>tuto</strong></span> <span class='ocrx_word' id='word_1_336' title='bbox 876 3301 984 3392; x_wconf 32' lang='lat' dir='ltr'><strong>&#39;speret</strong></span> <span class='ocrx_word' id='word_1_337' title='bbox 1005 3293 1080 3356; x_wconf 83' lang='lat' dir='ltr'><strong>Nam</strong></span> <span class='ocrx_word' id='word_1_338' title='bbox 1098 3319 1147 3356; x_wconf 80' lang='lat' dir='ltr'><strong>ex·</strong></span> 
     </span>
     <span class='ocr_line' id='line_1_39' title="bbox 17 3377 1150 3540; baseline -0.001 -24"><span class='ocrx_word' id='word_1_339' title='bbox 17 3387 188 3517; x_wconf 50' lang='lat' dir='ltr'><strong>litati?</strong></span> <span class='ocrx_word' id='word_1_340' title='bbox 203 3377 1150 3540; x_wconf 53' lang='lat' dir='ltr'><strong>ttttrtlltttrtl’ltlttltllttl”ltllt</strong></span> 
     </span>
     <span class='ocr_line' id='line_1_40' title="bbox 17 3531 1070 3616; baseline -0.003 -18"><span class='ocrx_word' id='word_1_341' title='bbox 17 3556 55 3598; x_wconf 92' lang='lat' dir='ltr'><strong>ne</strong></span> <span class='ocrx_word' id='word_1_342' title='bbox 77 3535 229 3616; x_wconf 82' lang='lat' dir='ltr'><strong>cohibebo,</strong></span> <span class='ocrx_word' id='word_1_343' title='bbox 250 3556 288 3600; x_wconf 86' lang='lat' dir='ltr'><strong>na</strong></span> <span class='ocrx_word' id='word_1_344' title='bbox 312 3535 456 3603; x_wconf 72' lang='lat' dir='ltr'><strong>tonnano</strong></span> <span class='ocrx_word' id='word_1_345' title='bbox 475 3556 539 3600; x_wconf 87' lang='lat' dir='ltr'><strong>mea</strong></span> <span class='ocrx_word' id='word_1_346' title='bbox 558 3536 659 3600; x_wconf 74' lang='lat' dir='ltr'><strong>salutii</strong></span> <span class='ocrx_word' id='word_1_347' title='bbox 677 3555 758 3601; x_wconf 86' lang='lat' dir='ltr'><strong>meae</strong></span> <span class='ocrx_word' id='word_1_348' title='bbox 776 3554 893 3600; x_wconf 74' lang='lat' dir='ltr'><strong>mnsam</strong></span> <span class='ocrx_word' id='word_1_349' title='bbox 911 3531 1070 3616; x_wconf 85' lang='lat' dir='ltr'><strong>perturbet.</strong></span> 
     </span>
    </p>
   </div>
   <div class='ocr_carea' id='block_1_6' title="bbox 17 3709 1150 4055">
    <p class='ocr_par' dir='ltr' id='par_1_7' title="bbox 17 3709 1150 4055">
     <span class='ocr_line' id='line_1_41' title="bbox 95 3709 1148 3852; baseline -0.004 -29"><span class='ocrx_word' id='word_1_350' title='bbox 95 3755 128 3823; x_wconf 86' lang='grc'><strong>8.</strong></span> <span class='ocrx_word' id='word_1_351' title='bbox 149 3751 202 3824; x_wconf 80' lang='lat' dir='ltr'><strong>An</strong></span> <span class='ocrx_word' id='word_1_352' title='bbox 217 3755 326 3826; x_wconf 82' lang='lat' dir='ltr'><strong>Deum</strong></span> <span class='ocrx_word' id='word_1_353' title='bbox 349 3755 435 3826; x_wconf 80' lang='lat' dir='ltr'><strong>salua</strong></span> <span class='ocrx_word' id='word_1_354' title='bbox 456 3779 537 3842; x_wconf 84' lang='lat' dir='ltr'><strong>mea,</strong></span> <span class='ocrx_word' id='word_1_355' title='bbox 558 3767 591 3826; x_wconf 92' lang='lat' dir='ltr'><strong>et</strong></span> <span class='ocrx_word' id='word_1_356' title='bbox 611 3755 710 3852; x_wconf 79' lang='lat' dir='ltr'><strong>gloria</strong></span> <span class='ocrx_word' id='word_1_357' title='bbox 732 3778 815 3843; x_wconf 86' lang='lat' dir='ltr'><strong>mea,</strong></span> <span class='ocrx_word' id='word_1_358' title='bbox 837 3777 933 3847; x_wconf 84' lang='lat' dir='ltr'><strong>rupes</strong></span> <span class='ocrx_word' id='word_1_359' title='bbox 954 3709 1148 3822; x_wconf 82' lang='lat' dir='ltr'><strong>loititndinin</strong></span> 
     </span>
     <span class='ocr_line' id='line_1_42' title="bbox 17 3862 1150 3956; baseline 0 -30"><span class='ocrx_word' id='word_1_360' title='bbox 17 3883 106 3946; x_wconf 87' lang='lat' dir='ltr'><strong>neae,</strong></span> <span class='ocrx_word' id='word_1_361' title='bbox 128 3884 204 3954; x_wconf 81' lang='lat' dir='ltr'><strong>open</strong></span> <span class='ocrx_word' id='word_1_362' title='bbox 226 3887 298 3933; x_wconf 85' lang='lat' dir='ltr'><strong>mea</strong></span> <span class='ocrx_word' id='word_1_363' title='bbox 320 3864 354 3931; x_wconf 91' lang='lat' dir='ltr'><strong>in</strong></span> <span class='ocrx_word' id='word_1_364' title='bbox 369 3864 452 3932; x_wconf 84' lang='lat' dir='ltr'><strong>Deo.</strong></span> <span class='ocrx_word' id='word_1_365' title='bbox 486 3865 518 3932; x_wconf 88' lang='grc'><strong>9.</strong></span> <span class='ocrx_word' id='word_1_366' title='bbox 541 3862 674 3956; x_wconf 85' lang='lat' dir='ltr'><strong>Sperate</strong></span> <span class='ocrx_word' id='word_1_367' title='bbox 695 3863 730 3930; x_wconf 93' lang='lat' dir='ltr'><strong>in</strong></span> <span class='ocrx_word' id='word_1_368' title='bbox 752 3885 792 3931; x_wconf 92' lang='lat' dir='ltr'><strong>eo</strong></span> <span class='ocrx_word' id='word_1_369' title='bbox 816 3863 1071 3951; x_wconf 86' lang='lat' dir='ltr'><strong>omnitempore</strong></span> <span class='ocrx_word' id='word_1_370' title='bbox 1093 3880 1150 3950; x_wconf 92' lang='lat' dir='ltr'><strong>po·</strong></span> 
     </span>
     <span class='ocr_line' id='line_1_43' title="bbox 17 3965 1148 4055; baseline -0.004 -20"><span class='ocrx_word' id='word_1_371' title='bbox 17 3968 95 4054; x_wconf 60' lang='lat' dir='ltr'><strong>lule,</strong></span> <span class='ocrx_word' id='word_1_372' title='bbox 122 3969 273 4039; x_wconf 84' lang='lat' dir='ltr'><strong>effundite</strong></span> <span class='ocrx_word' id='word_1_373' title='bbox 299 3993 407 4039; x_wconf 83' lang='lat' dir='ltr'><strong>noram</strong></span> <span class='ocrx_word' id='word_1_374' title='bbox 429 3969 506 4038; x_wconf 83' lang='lat' dir='ltr'><strong>lucie</strong></span> <span class='ocrx_word' id='word_1_375' title='bbox 528 3971 597 4039; x_wconf 83' lang='lat' dir='ltr'><strong>eiua</strong></span> <span class='ocrx_word' id='word_1_376' title='bbox 619 3969 714 4039; x_wconf 85' lang='lat' dir='ltr'><strong>corda</strong></span> <span class='ocrx_word' id='word_1_377' title='bbox 735 3978 856 4038; x_wconf 72' lang='lat' dir='ltr'><strong>vestrae</strong></span> <span class='ocrx_word' id='word_1_378' title='bbox 884 3965 975 4035; x_wconf 83' lang='lat' dir='ltr'><strong>Dens</strong></span> <span class='ocrx_word' id='word_1_379' title='bbox 997 3985 1071 4055; x_wconf 82' lang='lat' dir='ltr'><strong>spes</strong></span> <span class='ocrx_word' id='word_1_380' title='bbox 1092 3985 1148 4030; x_wconf 91' lang='lat' dir='ltr'><strong>nn-</strong></span> 
     </span>
    </p>
   </div>
   <div class='ocr_carea' id='block_1_7' title="bbox 17 4067 1280 4156">
    <p class='ocr_par' dir='ltr' id='par_1_8' title="bbox 17 4067 1280 4156">
     <span class='ocr_line' id='line_1_44' title="bbox 17 4067 1280 4156; baseline -0.002 -20"><span class='ocrx_word' id='word_1_381' title='bbox 17 4073 62 4140; x_wconf 78' lang='lat' dir='ltr'><strong>rio.</strong></span> <span class='ocrx_word' id='word_1_382' title='bbox 96 4071 203 4144; x_wconf 88' lang='lat' dir='ltr'><strong>Selab.</strong></span> <span class='ocrx_word' id='word_1_383' title='bbox 250 4077 301 4146; x_wconf 88' lang='grc'><strong>10.</strong></span> <span class='ocrx_word' id='word_1_384' title='bbox 325 4075 541 4146; x_wconf 83' lang='lat' dir='ltr'><strong>Veruntamen</strong></span> <span class='ocrx_word' id='word_1_385' title='bbox 568 4077 691 4146; x_wconf 86' lang='lat' dir='ltr'><strong>vanitas</strong></span> <span class='ocrx_word' id='word_1_386' title='bbox 718 4075 772 4144; x_wconf 88' lang='lat' dir='ltr'><strong>filii</strong></span> <span class='ocrx_word' id='word_1_387' title='bbox 800 4072 918 4156; x_wconf 84' lang='lat' dir='ltr'><strong>Adam,</strong></span> <span class='ocrx_word' id='word_1_388' title='bbox 945 4067 1147 4140; x_wconf 81' lang='lat' dir='ltr'><strong>mendacium</strong></span> <span class='ocrx_word' id='word_1_389' title='bbox 1276 4085 1280 4094; x_wconf 73' lang='grc'><strong>“</strong></span> 
     </span>
    </p>
   </div>
   <div class='ocr_carea' id='block_1_8' title="bbox 17 4173 1146 4384">
    <p class='ocr_par' dir='ltr' id='par_1_9' title="bbox 17 4173 1146 4384">
     <span class='ocr_line' id='line_1_45' title="bbox 17 4173 1146 4276; baseline -0.006 -26"><span class='ocrx_word' id='word_1_390' title='bbox 17 4177 60 4246; x_wconf 81' lang='lat' dir='ltr'><strong>ilii</strong></span> <span class='ocrx_word' id='word_1_391' title='bbox 92 4181 168 4268; x_wconf 88' lang='lat' dir='ltr'><strong>viri,</strong></span> <span class='ocrx_word' id='word_1_392' title='bbox 197 4181 232 4250; x_wconf 92' lang='lat' dir='ltr'><strong>in</strong></span> <span class='ocrx_word' id='word_1_393' title='bbox 264 4192 379 4273; x_wconf 69' lang='lat' dir='ltr'><strong>etatem</strong></span> <span class='ocrx_word' id='word_1_394' title='bbox 400 4193 438 4252; x_wconf 89' lang='lat' dir='ltr'><strong>ut</strong></span> <span class='ocrx_word' id='word_1_395' title='bbox 458 4182 651 4252; x_wconf 84' lang='lat' dir='ltr'><strong>adscendunt</strong></span> <span class='ocrx_word' id='word_1_396' title='bbox 682 4181 744 4276; x_wconf 84' lang='lat' dir='ltr'><strong>ipni</strong></span> <span class='ocrx_word' id='word_1_397' title='bbox 770 4205 847 4273; x_wconf 84' lang='lat' dir='ltr'><strong>prae</strong></span> <span class='ocrx_word' id='word_1_398' title='bbox 873 4175 1010 4246; x_wconf 84' lang='lat' dir='ltr'><strong>vanitate</strong></span> <span class='ocrx_word' id='word_1_399' title='bbox 1039 4173 1146 4244; x_wconf 77' lang='lat' dir='ltr'><strong>simul.</strong></span> 
     </span>
     <span class='ocr_line' id='line_1_46' title="bbox 17 4281 1146 4384; baseline -0.004 -30"><span class='ocrx_word' id='word_1_400' title='bbox 17 4286 60 4354; x_wconf 87' lang='lat' dir='ltr'><strong>ll.</strong></span> <span class='ocrx_word' id='word_1_401' title='bbox 88 4287 137 4356; x_wconf 85' lang='lat' dir='ltr'><strong>Ne</strong></span> <span class='ocrx_word' id='word_1_402' title='bbox 165 4287 329 4358; x_wconf 72' lang='lat' dir='ltr'><strong>confidatis</strong></span> <span class='ocrx_word' id='word_1_403' title='bbox 355 4295 388 4358; x_wconf 93' lang='lat' dir='ltr'><strong>in</strong></span> <span class='ocrx_word' id='word_1_404' title='bbox 417 4289 626 4384; x_wconf 83' lang='lat' dir='ltr'><strong>oppressione</strong></span> <span class='ocrx_word' id='word_1_405' title='bbox 654 4297 686 4358; x_wconf 91' lang='lat' dir='ltr'><strong>et</strong></span> <span class='ocrx_word' id='word_1_406' title='bbox 712 4287 844 4382; x_wconf 84' lang='lat' dir='ltr'><strong>praeda,</strong></span> <span class='ocrx_word' id='word_1_407' title='bbox 871 4307 913 4352; x_wconf 89' lang='lat' dir='ltr'><strong>ne</strong></span> <span class='ocrx_word' id='word_1_408' title='bbox 935 4281 1146 4352; x_wconf 73' lang='lat' dir='ltr'><strong>evanescutisa</strong></span> 
     </span>
    </p>
   </div>
   <div class='ocr_carea' id='block_1_9' title="bbox 17 4389 667 4490">
    <p class='ocr_par' dir='ltr' id='par_1_10' title="bbox 17 4389 667 4490">
     <span class='ocr_line' id='line_1_47' title="bbox 17 4389 667 4490; baseline 0.014 -37"><span class='ocrx_word' id='word_1_409' title='bbox 17 4389 129 4464; x_wconf 86' lang='lat' dir='ltr'><strong>livitiae</strong></span> <span class='ocrx_word' id='word_1_410' title='bbox 158 4395 186 4463; x_wconf 80' lang='lat' dir='ltr'><strong>si</strong></span> <span class='ocrx_word' id='word_1_411' title='bbox 208 4395 347 4481; x_wconf 85' lang='lat' dir='ltr'><strong>affluant,</strong></span> <span class='ocrx_word' id='word_1_412' title='bbox 369 4419 424 4466; x_wconf 81' lang='lat' dir='ltr'><strong>nor</strong></span> <span class='ocrx_word' id='word_1_413' title='bbox 445 4421 486 4488; x_wconf 82' lang='lat' dir='ltr'><strong>qe</strong></span> <span class='ocrx_word' id='word_1_414' title='bbox 508 4394 667 4490; x_wconf 86' lang='lat' dir='ltr'><strong>apponite.</strong></span> 
     </span>
    </p>
   </div>
   <div class='ocr_carea' id='block_1_10' title="bbox 31 4484 868 4606">
    <p class='ocr_par' dir='ltr' id='par_1_11' title="bbox 31 4484 868 4606">
     <span class='ocr_line' id='line_1_48' title="bbox 31 4484 868 4606; baseline 0.016 -64"><span class='ocrx_word' id='word_1_415' title='bbox 31 4500 133 4546; x_wconf 73' lang='lat' dir='ltr'><strong>turim</strong></span> <span class='ocrx_word' id='word_1_416' title='bbox 145 4503 168 4547; x_wconf 80' lang='lat' dir='ltr'><strong>iu</strong></span> <span class='ocrx_word' id='word_1_417' title='bbox 182 4503 264 4547; x_wconf 79' lang='lat' dir='ltr'><strong>l’nlm.</strong></span> <span class='ocrx_word' id='word_1_418' title='bbox 278 4505 340 4547; x_wconf 71' lang='lat' dir='ltr'><strong>Tam.</strong></span> <span class='ocrx_word' id='word_1_419' title='bbox 354 4507 373 4548; x_wconf 91' lang='lat' dir='ltr'><strong>l.</strong></span> <span class='ocrx_word' id='word_1_420' title='bbox 599 4567 607 4606; x_wconf 46' lang='grc' dir='ltr'>ι</span> <span class='ocrx_word' id='word_1_421' title='bbox 827 4484 868 4546; x_wconf 76' lang='grc'><strong>30</strong></span> 
     </span>
    </p>
   </div>
   <div class='ocr_carea' id='block_1_11' title="bbox 0 0 1368 4888">
    <p class='ocr_par' dir='ltr' id='par_1_12' title="bbox 0 0 1368 4888">
     <span class='ocr_line' id='line_1_49' title="bbox 0 0 1368 4888; baseline 0 0"><span class='ocrx_word' id='word_1_422' title='bbox 0 0 1368 4888; x_wconf 95' lang='lat' dir='ltr'><strong> </strong></span> 
     </span>
    </p>
   </div>
  </div>
 </body>
</html>
