2818 4886
486 281 814 328 rursiamxvr.
1046 315 1049 330 .
1176 287 1227 350 101

179 402 212 470 8.
236 399 336 468 Posui
357 399 510 470 lebovam
531 427 637 476 coram
657 368 712 472 me
733 405 861 498 ingiter:
888 409 1038 498 quoniam
1068 433 1086 477 a
1109 411 1228 482 dextris

70 507 169 576 meis
192 517 253 591 eat,
276 529 342 574 non
364 507 529 582 movebor.
554 507 585 578 9.
607 507 778 602 Propterea
795 513 911 605 goddet
933 537 1115 602 cormeum,
1137 517 1227 588 laeto

71 623 136 682 tur
158 614 270 706 bagua
292 635 380 682 mea:
402 615 496 684 edam
516 638 589 684 caro
611 639 683 687 mea
704 616 823 686 habitat
843 619 1046 690 confidenter.

167 805 197 866 8.
217 805 320 865 Posui
339 805 487 866 ledonens.
525 803 631 866 iterum
650 805 737 866 flds·
757 823 838 868 suam
858 808 1017 890 praedices,
1041 829 1110 872 nam
1129 811 1226 876 Deunr

6 889 10 894 '
68 884 297 964 inconspectn
316 887 449 958 statuere,
468 881 539 944 nibil
558 885 635 944 atiud
654 893 698 948 est
717 905 803 967 quam
823 894 998 950 teneremus
1018 909 1116 952 omnes
1126 913 1226 954 senam

69 963 200 1040 ligatos,
222 981 260 1022 ne
280 963 337 1022 aiio
357 961 495 1023 diffluant.
515 961 640 1024 Necesse
659 966 775 1046 quidem
793 973 838 1027 est
856 968 918 1028 aliis
938 987 1026 1050 quam
1045 973 1138 1032 earnis
1158 991 1225 1034 ocu-

70 1043 112 1102 tis
137 1043 243 1122 ipsum
268 1043 447 1124 conspicere:
471 1045 540 1123 quia
564 1063 630 1104 raro
656 1052 788 1126 apparet,
818 1047 873 1106 nisi
891 1067 979 1129 supra
997 1050 1138 1112 mundum
1158 1071 1226 1112 con·
1254 1076 1271 1124 ς

73 1123 265 1197 scandimus,
290 1121 341 1182 aed
365 1121 436 1182 fides
459 1129 555 1182 tumen
579 1143 633 1184 uos
652 1132 779 1200 coercet,
797 1145 835 1186 ne
853 1133 966 1208 tergum
985 1129 1012 1188 ci
1032 1129 1225 1194 obvertemus.

74 1201 191 1260 Sensus
213 1219 285 1282 ergo
305 1207 360 1276 est,
380 1199 520 1261 Davidem
540 1203 583 1262 sic
600 1205 741 1264 intentum
760 1205 846 1266 inisse
865 1213 895 1268 et
913 1206 1034 1268 affixum
1053 1207 1110 1270 Dei
1129 1211 1225 1290 provi·

77 1281 211 1352 dentiae,
237 1287 272 1340 ut
297 1287 376 1340 certo
401 1299 553 1362 persuasus
572 1289 661 1359 esset,
681 1286 792 1364 quoties
812 1286 930 1346 instaret
948 1287 1044 1368 aliqua
1062 1291 1224 1365 oceesdtas,

81 1361 161 1420 ilium
190 1359 247 1419 sibi
272 1365 389 1444 praesto
413 1360 476 1421 iore
500 1360 535 1419 ad
556 1379 641 1443 opem
661 1363 816 1424 ferendam.
836 1365 924 1426 Addit
943 1367 1028 1427 edem
1048 1375 1171 1452 iugiter,
1190 1375 1224 1430 ut
1282 1364 1289 1376 ⁸

15 1451 20 1460 '
82 1443 206 1500 sdsmm
225 1445 393 1500 constanter
410 1441 540 1502 innixum
559 1441 646 1503 inisse
660 1441 717 1504 Dei
737 1443 853 1516 cnsilio,
872 1447 1003 1506 uinariis
1022 1446 1223 1509 certaminibus

84 1521 222 1601 agitatum
242 1519 342 1580 nulius
361 1526 453 1579 metus
473 1520 529 1580 aiio
548 1523 693 1584 reflectere
712 1525 812 1584 ocutus
831 1531 954 1604 cogeret.
993 1525 1090 1606 Atque
1109 1529 1149 1587 ita
1167 1547 1223 1588 nos
1273 1595 1279 1606 ¹

82 1598 180 1659 aDeo
201 1598 329 1678 pendere
347 1601 490 1672 convenit,
510 1605 544 1660 nt
561 1609 640 1663 certo
659 1609 827 1680 statuamus,
845 1605 930 1664 ιιιιιιιι
950 1623 1041 1686 quum
1060 1606 1224 1687 longissime

82 1678 183 1738 abesse
205 1679 333 1750 videtur,
363 1697 429 1738 eum
449 1679 530 1740 nobis
549 1683 744 1777 propinquum
764 1701 841 1755 esse,
860 1683 909 1743 hic
927 1691 1097 1766 conspectus
1117 1681 1223 1752 efficiet

79 1777 116 1818 ne
135 1757 271 1818 inanibus
290 1757 376 1818 buius
395 1760 494 1818 mundi
514 1767 632 1840 spectus
651 1761 792 1821 ludamur.
814 1769 963 1838 Quoniam
981 1785 1002 1824 u
1021 1767 1134 1825 &aim
1151 1773 1223 1826 uisis

81 1847 137 1898 est.
176 1836 242 1897 Hoc
259 1837 417 1898 secundum
438 1838 598 1899 membrum
617 1840 779 1900 disiunctim
798 1842 878 1922 lego,
902 1851 969 1903 na'm
1030 1843 1068 1902 od
1087 1844 1134 1903 alii
1154 1860 1222 1904 con·
1255 1835 1269 1850 ⁸

83 1925 200 1977 texunt
224 1916 308 1978 Posui
328 1915 489 1978 Dominum
507 1917 536 1978 in
556 1925 712 1999 conspectu
731 1939 806 1994 meo,
827 1921 894 2000 quia
914 1939 930 1981 a
951 1921 1007 1982 dex
1020 1924 1058 1982 ris
1077 1921 1147 1983 mibi
1166 1931 1221 1998 est,

82 1997 223 2079 frigidam
242 1989 359 2072 videtur,
379 2004 408 2056 et
428 1998 584 2058 doctrinam
604 1997 727 2059 muitum
746 2007 899 2061 extenuata
922 2002 980 2062 acsi
999 2001 1105 2064 diceret
1123 2001 1221 2064 David
1279 2035 1287 2052 ·

80 2097 115 2136 se
134 2078 308 2157 experientia
326 2078 420 2138 metiri
441 2075 496 2137 Dei
516 2079 719 2159 praesentiemz
738 2080 816 2160 qnod
836 2082 952 2140 minime
972 2080 1061 2142 decet
1081 2079 1148 2143 Meo
1166 2083 1221 2143 irs-

79 2175 139 2236 qoe
159 2143 274 2228 iudicio,
293 2156 378 2237 piena
396 2157 451 2218 init
469 2157 540 2218 hoec
558 2159 713 2232 sententie,
741 2159 820 2240 quod
845 2159 898 2220 sibi
918 2158 1014 2220 Deum
1039 2179 1109 2242 prce
1128 2162 1220 2224 oculis

80 2237 223 2312 metuerit,
243 2243 277 2296 ut
295 2253 326 2296 se
345 2238 375 2296 in
395 2237 526 2298 omnibus
544 2238 677 2318 periculis
696 2239 732 2299 ed
751 2257 818 2299 eum
837 2241 985 2322 reciperet.
1006 2238 1091 2304 Nunc
1109 2247 1142 2302 nt
1161 2243 1218 2303 ala·

81 2317 160 2376 crios·
182 2318 219 2376 ait
243 2315 280 2376 ad
304 2314 377 2376 bene
395 2317 583 2398 sperandum,
607 2318 677 2398 quid
701 2319 795 2379 valeat
814 2315 872 2380 Dei
891 2319 1030 2380 auridum
1049 2327 1079 2381 et
1097 2328 1217 2402 patema

79 2415 160 2470 cora,
180 2395 233 2456 sibi
253 2397 401 2477 proponit:
421 2415 523 2478 nempe
542 2403 576 2456 ut
595 2415 663 2458 suos
683 2397 786 2479 quibus
806 2399 894 2474 adest,
914 2400 944 2459 in
962 2399 1048 2460 firmo
1062 2407 1216 2462 etatucon·

78 2479 177 2536 iinast.
217 2474 344 2536 δεοιιιιιι
363 2495 431 2556 ergo
451 2483 493 2536 est
512 2475 548 2536 ab
568 2479 645 2541 omni
666 2478 835 2553 discrimine,
855 2485 885 2539 et
903 2479 955 2539 sibi
974 2486 1080 2540 mutam
1095 2481 1217 2542 salutem
1247 2540 1252 2549 ,

61 2553 235 2694 promittit:
255 2557 323 2634 quia
342 2553 438 2616 Deum
458 2555 524 2616 iidei
542 2556 736 2696 oculisupuaai
754 2565 932 2638 praesentem
951 2559 1087 2620 intuetur.
1122 2559 1216 2622 Porro

101 2655 137 2694 oc
157 2636 224 2694 loco
242 2635 378 2695 evertitur
397 2633 587 2695 sorbonicum
605 2636 637 2696 ιιι
701 2645 909 2714 commentam,
939 2637 1036 2698 iidelcs
1060 2639 1096 2700 de
1114 2645 1215 2721 perse·

79 2713 305 2780 versutiaiiuali
324 2713 424 2775 dubios
443 2731 519 2775 esser
539 2716 606 2796 qnia
621 2714 716 2776 David
736 2719 842 2798 gratiae
861 2715 918 2778 Dei
935 2717 1069 2778 fiduciam
1088 2719 1117 2779 iu
1137 2719 1213 2780 iutu-

78 2807 150 2855 rum'
164 2801 279 2875 tempus
298 2793 374 2855 clare
393 2795 528 2855 extendit.
568 2791 604 2854 m
624 2803 700 2856 certe
718 2797 821 2856 misera
841 2803 916 2857 essct
939 2797 1079 2872 conditio,
1102 2799 1133 2857 in
1157 2801 1212 2858 sin·

80 2875 146 2972 gulp
171 2875 498 2957 momenta-trepidare,
527 2875 586 2935 acsi
616 2873 812 2936 decoctione
837 2877 942 2958 gratiae
965 2895 1119 2958 progressu
1141 2877 1214 2938 nibil

77 2955 378 3116 mbuffiidssiereo
427 3036 515 3096 ouda
540 3055 592 3095 cer
615 3057 720 3097 mmm.
765 3033 954 3098 Commendat
978 3033 1036 3095 hoc
1060 3053 1146 3096 versu
1169 3036 1212 3097 io·

81 3133 143 3175 eom
164 3112 299 3174 arabilem
317 3114 383 3174 iidei
402 3059 536 3214 ductum,
555 3115 637 3174 cuius
656 3115 762 3214 ppssim
781 3117 910 3210 meminit
928 3114 1090 3196 Scriptura:
1103 3135 1212 3212 'nempe

82 3293 151 3333 ..ι
171 3193 963 3358 titt?⁶3„tiiffiiniiuit‘tttttteiti
972 3195 1035 3335 :tt
1051 3193 1212 3350 itote

81 3355 161 3413 sicuti
180 3355 209 3413 ιιΙ
230 3356 251 3412 ιι
269 3353 407 3414 infelicius
426 3361 470 3414 est
489 3373 576 3436 quam
595 3357 668 3415 iuter
687 3357 779 3429 varias
799 3373 880 3415 coras
900 3359 1060 3436 etpavores
1071 3361 1209 3417 aestuare.

82 3434 170 3513 Atqui
193 3434 274 3514 impii
299 3435 481 3514 quantumvis
504 3436 605 3530 spiritu
629 3435 778 3495 vecordiae
801 3439 852 3495 ant
869 3437 993 3515 stuporis
1013 3453 1054 3530 se·
1063 3435 1209 3532 inebrient,

82 3529 227 3593 nunquam
250 3519 347 3572 tamen
372 3533 440 3573 vera
465 3515 569 3574 iocirtia
593 3514 742 3590 fruuntur,
766 3533 820 3575 nec
844 3531 943 3574 serene
957 3519 1070 3574 ,menos
1100 3521 1208 3594 quieter

83 3594 150 3731 ιι
168 3591 850 3734 tt⁶ttititii⁰tm⁰itd⁰¹ttt⁰'*titii
868 3591 986 3732 'iiiii
1010 3593 1209 3736 'diffidi

47 3766 51 3781 ·
83 3752 172 3833 tingit,
191 3751 246 3811 nisi
265 3753 316 3833 qui
336 3692 499 3812 recum'ddde
519 3753 616 3814 didicit
634 3695 774 3813 inqdnum
793 3691 904 3826 nond,
929 3693 1068 3833 nuntiisque
1087 3753 1207 3814 salutem

84 3831 189 3892 ineius
206 3849 294 3891 manu
314 3851 457 3912 reponere.
502 3829 604 3911 Quum
628 3851 697 3913 ergo
722 3851 774 3892 nos
798 3833 961 3892 innumerae
980 3831 1207 3912 perturbationes

84 3910 203 3991 undique
227 3911 388 3986 obsideant,
411 3913 533 3972 sciamus
557 3911 614 3972 hoc
636 3913 753 3972 unicum
773 3929 835 3973 esse
853 3911 1017 3985 remedium,
1036 3913 1135 3973 ocoiss
1154 3931 1205 3973 oo·

84 3995 151 4050 atros
176 3989 214 4050 ad
239 3989 335 4051 Deum
359 3991 410 4050 diri
429 4011 488 4052 eres
513 4011 567 4052 nec
591 3991 679 4051 modo
704 3993 814 4051 animos
842 3997 955 4052 nostros
979 3991 1101 4072 placabit
1125 3991 1205 4066 iides,

83 4069 128 4130 sed
145 4070 233 4152 pleno
252 4071 338 4130 etiem
359 4013 461 4150 gaudio
480 4071 640 4153 perfundet,
660 4087 823 4152 quanquam
841 4069 936 4130 David
960 4091 1020 4131 non
1042 4077 1153 4132 tanturm
1173 4089 1210 4134 se

81 4150 153 4210 intus
172 4149 297 4230 gaudere
316 4149 450 4224 affirmat,
475 4150 525 4211 sed
548 4151 674 4231 linguam
694 4169 810 4232 quoqne
829 4167 920 4226 suam,
939 4151 998 4210 imo
1018 4169 1132 4212 earnem
1151 4149 1204 4209 bn·

79 4229 122 4290 ⁵³⁸
140 4229 418 4370 “diffidi
437 4227 571 4371 iiiii*
589 4231 701 4370 mpii,
720 4233 788 4370 ii*
805 4229 904 4384 {diii
918 4229 1141 4370 pnmmgpmn
1157 4247 1203 4369 ξι·

82 4327 170 4451 dedda
188 4327 330 4470 quabdm
339 4329 440 4454 nard
454 4390 553 4454 salutis
569 4329 640 4454 idds
654 4330 806 4454 egwohep
824 4407 887 4452 aare
905 4323 1071 4474 gldium.
1091 4329 1204 4452 Nodnen
