2730 4882
131 227 158 282 ⁸
451 277 759 323 suessanus.
917 310 928 320 .
1113 277 1168 338 425

15 400 129 476 eudo,
153 401 301 476 hiisdem,
329 409 358 464 el
376 389 589 464 madauris
606 425 662 478 see,
688 402 735 464 vei
754 401 936 465 delituissam.
977 401 1063 466 Fore
1082 403 1169 486 igilur

15 501 65 542 ¹oe
97 483 195 552 loco,
217 501 278 541 non
301 483 424 544 loleraru
448 481 600 564 tigellium,
623 481 672 542 sed
693 483 789 564 polius
808 485 898 546 icium
917 483 1056 546 elevando
1076 485 1167 566 repel-
1191 505 1194 514 ¹

15 581 83 622 ere:
114 561 208 642 quod
232 560 341 636 Gplllo'e
364 563 496 641 dicimus,
514 563 626 624 Peusse
648 585 734 624 recen
758 565 886 650 leporep.
906 561 1000 649 'Nam
1021 584 1110 645 quum
1131 563 1167 631 ad

15 641 172 702 avondus
194 640 291 702 booles
309 643 412 702 intenti
431 643 530 714 umus,
547 639 648 723 perfidi
664 637 793 703 homibus
812 637 848 704 nd
869 643 1036 704 laedendum
1056 643 1167 704 facilins
1267 669 1270 682 ·

15 727 191 793 remmus,
212 721 361 780 simulalae
379 723 518 782 amicitiae
536 727 693 804 praetextu.
735 721 813 782 Dicit
831 723 918 803 igilur
936 743 996 784 uon
1010 723 1097 784 luisse
1116 721 1167 782 bo·

15 811 107 874 lem,
134 800 225 864 malus
247 801 337 861 iclnrn
361 801 493 882 excipere
514 807 626 883 polerac
645 802 691 862 vel
715 804 865 862 enslinere:
885 823 943 864 non
964 803 1051 864 inisse
1070 803 1169 862 adver·

15 882 148 955 arium,
175 898 194 939 a
221 882 302 940 ouius
321 899 399 942 noxa
424 879 572 942 deflectere
595 887 715 962 polemi.
755 880 843 962 Quod
867 885 1087 965 magssifieoodi
1105 897 1168 943 ver·
1226 941 1230 949 ,

15 981 86 1020 sum
115 960 242 1042 quidam
267 961 410 1042 accipiunt
429 979 492 1042 pro,
516 961 610 1022 rerbls
629 961 778 1022 iusnllaree
802 981 868 1022 meo
882 964 998 1046 *indicio
1023 965 1106 1024 nimis
1125 981 1168 1022 re·
1207 965 1210 978 '

15 1043 160 1102 drictum
181 1047 236 1114 eal,
253 1040 421 1100 tantundem
440 1040 657 1102 euim‘raletac
675 1042 815 1102 violenter
834 1043 983 1126 seeffeme,
1003 1043 1051 1105 vel
1070 1037 1168 1102 exsur-

15 1139 88 1204 gere
115 1125 224 1180 eontra
244 1121 366 1200 aliquem
386 1120 508 1182 nocendi
533 1137 627 1180 eausa.
668 1119 863 1202 Conqueritur
881 1123 910 1182 in
931 1141 1043 1182 summa
1063 1121 1169 1194 David,

15 1221 52 1260 se
75 1199 269 1260 clandestinis
288 1199 398 1260 arcibus
417 1199 504 1260 inisse
523 1217 709 1296 oppressum.
726 1201 829 1282 quibus
848 1201 957 1262 nnllam
977 1202 1170 1263 delensionem

15 1297 182 1362 opponere
202 1281 305 1360 puluil.
330 1277 505 1358 Quemvero
524 1278 572 1340 bic
589 1281 711 1362 person
731 1288 761 1342 at
779 1282 919 1342 innerlnm
928 1288 980 1342 est.
1010 1281 1051 1344 Ul
1069 1301 1171 1344 sorum

15 1359 193 1420 sentenciae
217 1358 393 1420 subscribam
418 1361 470 1442 qul
491 1359 595 1420 volunt
617 1373 680 1421 esse
704 1301 889 1444 debilopheb
918 1362 1021 1422 adduci
1036 1382 1081 1422 ne
1102 1381 1171 1422 oen:

15 1442 205 1600 suess
221 1440 441 1600 smel.
454 1381 1172 1600 scinomannis
1209 1485 1212 1496 ·

18 1602 142 1680 linquo.
184 1591 359 1680 Quanquam
382 1619 442 1660 nou
460 1599 555 1660 miuus
579 1599 725 1682 probabile
744 1607 801 1676 est,
820 1621 911 1662 unum
925 1564 969 1662 bx
987 1603 1086 1662 aulicis
1105 1621 1170 1683 pro·

22 1679 146 1740 ceribus
165 1681 302 1753 accusari,
326 1680 408 1739 cuins
431 1685 529 1739 sanda
548 1697 614 1752 curn
633 1675 746 1741 Davide
764 1683 928 1742 coniunctio
948 1688 978 1742 el
996 1681 1172 1742 familiaritas

21 1761 122 1840 vulgo
144 1765 216 1818 nola
241 1764 325 1818 moal.
365 1757 426 1819 Nisi
450 1759 525 1820 loris
548 1761 612 1839 quis
636 1759 672 1820 ad
698 1759 794 1842 plnres
808 1761 972 1822 extendere
996 1761 1053 1820 hoe
1077 1759 1170 1820 molita
1211 1787 1214 1796 ·

27 1841 120 1899 siculi
145 1837 228 1902 iacile
254 1837 394 1899 coniicere
416 1839 483 1898 licei
506 1855 565 1898 non
589 1857 680 1900 unum
705 1839 844 1902 dmoxat
868 1841 955 1903 luisse
974 1839 1171 1922 foedifragum,

34 1919 92 1980 sed
115 1925 149 1977 nt
172 1919 294 1998 quisque
313 1917 422 1978 bonore
439 1913 581 2000 pollebat,
600 1937 638 1980 ne
654 1917 744 2002 ¹Regis
761 1923 881 2002 gralimn
900 1921 1051 1992 amiclensi,
1070 1925 1171 1980 sancto
1292 1909 1299 1934 ⁸

33 1997 199 2078 Prupbelae
217 1997 305 2057 luisse
322 1999 466 2058 iniectum.
507 1996 585 2060 Nibil
603 2017 672 2081 ergo
692 2001 812 2083 impedit
831 2019 890 2081 quo
910 2003 1003 2062 minus
1022 2001 1172 2081 primarios

31 2097 74 2139 ex
95 2080 171 2158 rugia
192 2077 311 2138 coborla
330 2093 388 2138 uua
407 2095 475 2138 eum
494 2079 588 2160 capilo
607 2097 661 2142 ruo
680 2078 727 2140 bic
747 2081 909 2162 compellal.
938 2079 995 2141 Ubi
1013 2087 1110 2141 autem
1129 2079 1196 2140 vi·‚
1245 2137 1248 2145 ,
1349 2119 1350 2132 1

35 2159 141 2218 demus
159 2155 302 2216 Davidem
325 2177 384 2218 non
408 2158 496 2228 modo
514 2158 602 2219 luisse
625 2161 656 2219 vi
674 2166 773 2241 operia
794 2167 999 2242 oppugnabam,
1018 2159 1068 2221 sed
1087 2159 1174 2220 eliam

33 2238 182 2298 malitiose
200 2237 345 2318 proditum
369 2237 406 2296 ab
424 2239 537 2312 muisis,
560 2239 590 2298 in
609 2240 671 2300 eius
690 2257 812 2320 persona
830 2239 916 2302 nobis
933 2241 968 2300 de
988 2243 1093 2322 ingilm·
1111 2233 1172 2320 pio'·

33 2337 106 2378 rum
130 2319 258 2376 onmium
282 2317 422 2394 conditio,
444 2318 619 2399 utquisque
638 2325 768 2380 nostrum
784 2319 830 2380 ad
849 2319 937 2380 subeo
980 2340 1027 2380 nm
1046 2320 1103 2380 boe
1122 2319 1174 2378 dn·
1212 2393 1217 2399 ⁵

58 2399 110 2457 lex
134 2403 276 2457 mammen
337 2403 414 2458 relus
443 2399 488 2458 sil.
533 2395 599 2460 Nou
623 2401 698 2459 enim
723 2399 823 2482 gladiis
846 2405 959 2460 lantum
983 2407 1012 2460 et
1041 2399 1175 2460 caedibus

110 2477 196 2537 &am
216 2473 271 2536 Dei
330 2484 379 2536 lan
398 2477 521 2552 infestat,
541 2477 591 2538 sed
609 2479 748 2540 subornat
771 2475 858 2540 eiiam
882 2479 979 2540 booles
1004 2479 1176 2540 domesticos
1237 2493 1239 2498 ·
1273 2479 1281 2500 “

38 2559 94 2639 qni
116 2573 179 2616 eam
240 2557 392 2616 einsidias
416 2564 446 2618 el
469 2557 582 2618 frondes
606 2559 778 2620 adoriantur.
818 2557 907 2637 Quod
931 2579 1019 2640 genus
1039 2557 1174 2634 bostium,

40 2643 93 2714 (ul
111 2637 176 2696 dicit
324 2636 370 2715 ns)
389 2657 425 2696 ne
446 2655 482 2698 ue
502 2637 600 2721 ingere
619 2653 712 2720 nequo
732 2638 831 2721 ingara
845 2638 936 2700 datur.
966 2637 1105 2720 Quisquis
1124 2658 1175 2700 au·

39 2725 104 2778 lem
120 2715 172 2776 bic
189 2716 290 2792 luerit,
314 2719 407 2798 primo
426 2657 522 2777 buln
546 2737 614 2778 erun
638 2725 723 2778 vocal
746 2721 892 2780 bominem
914 2728 969 2782 rui*
986 2721 1114 2792 ordinis,
1133 2719 1175 2778 sio

42 2800 120 2857 enim
139 2799 214 2886 W
233 2797 411 2878 interpretor,
431 2799 497 2878 quia
517 2815 622 2858 nomeu
642 2799 843 2858 aestimalionis
862 2817 920 2859 nou
941 2799 1087 2860 convenil:
1112 2798 1175 2858 sive
1224 2867 1231 2874 ,
1257 2857 1266 2866 ,

42 2880 156 3018 passive
178 2883 307 2936 sumatur
330 2897 384 2957 pro
408 2877 592 2958 aequalibus,
617 2879 678 2938 sive
701 2879 792 2938 active
810 2899 864 2960 pro
883 2877 973 2960 ipsius
991 2871 1112 2938 Doridis
1131 2879 1174 2936 in·

65 2958 129 3028 icio,
146 2955 227 3016 siculi
245 2955 361 3036 qnidam
382 2963 507 3025 verimi.
526 2956 572 3018 Tu
590 2975 654 3020 eras
672 2957 799 3038 aequalis
813 2977 908 3018 meus:
928 2958 975 3018 alii
994 2965 1100 3032 numm,
1120 2955 1173 3018 Pe-
1284 2987 1293 3010 x

44 3037 127 3098 rinde
144 3033 221 3096 iolsli
239 3053 257 3095 a
276 3053 323 3097 me
341 3043 489 3118 repolnins
507 3043 595 3118 atque
614 3037 687 3098 ulier
704 3057 767 3118 ego.
787 3035 958 3098 Hoeanlem
971 3039 1085 3119 'optime
1105 3057 1174 3116 qun·

45 3118 110 3177 drnl
132 3115 206 3196 qnod
226 3113 321 3176 David
345 3124 494 3197 querulus,
517 3123 634 3178 mutuae
657 3118 800 3178 maluistis
822 3115 984 3192 vinculum,
1009 3137 1068 3199 qno
1093 3115 1177 3178 Deus
1221 3117 1223 3124 ‘
1311 3114 1312 3123 ’

46 3197 172 3258 hominos
190 3194 263 3254 inler
281 3215 314 3257 se
332 3196 462 3278 copnlnl‚
485 3197 573 3258 fnisse
591 3197 754 3279 abruptum.
794 3196 886 3258 Siculi
905 3197 983 3258 anim
1000 3197 1100 3258 eadem
1117 3203 1175 3258 m-

46 3279 90 3337 lio
108 3275 204 3336 milites
222 3275 252 3334 in
272 3279 371 3336 casinis
390 3278 543 3352 consociat,
561 3278 602 3338 ila
620 3279 650 3339 in
671 3277 802 3339 omnibus
816 3279 892 3338 vitae
904 3277 1033 3358 parlibus
1052 3296 1177 3358 aequum

49 3363 95 3418 eal
112 3363 142 3416 nl
158 3355 333 3417 necessitudo
353 3363 384 3417 et
403 3357 654 3434 communiamus,
674 3377 825 3420 commune
844 3359 930 3421 eliam
950 3357 1086 3432 cllidum,
1106 3357 1176 3418 ami·

50 3438 142 3498 cilium
163 3437 234 3494 inber
256 3435 386 3498 homines
411 3437 552 3497 conciliet.
591 3435 631 3497 Er
650 3457 668 3496 o
688 3457 778 3518 quum
802 3437 839 3498 ad
858 3456 963 3496 munus
982 3437 1097 3518 aliquod
1118 3437 1176 3498 duo

50 3512 133 3578 simul
154 3521 302 3590 vocantur,
322 3514 403 3577 Deua
428 3524 478 3578 eo‘e
497 3516 578 3598 quasi
599 3537 658 3578 sors
677 3517 809 3598 auspiciis
828 3518 982 3597 coniungi,
1002 3523 1035 3578 ul
1052 3516 1177 3580 fraterne
1221 3549 1224 3556 ·

51 3603 148 3659 mulus
170 3613 200 3656 se
224 3595 331 3658 inveni.
371 3593 487 3658 Crimen
511 3615 580 3678 ergo
609 3598 763 3679 prodiloria
787 3597 842 3658 bac
861 3597 1072 3660 circumstantia
1091 3602 1178 3680 auget

52 3676 158 3748 David,
185 3675 268 3736 siculi
290 3677 377 3737 etiam
401 3697 492 3756 quum
515 3679 618 3738 duem
647 3697 733 3740 snum
762 3675 810 3737 vel
833 3676 1008 3758 praelectum
1038 3678 1176 3737 nominat.

53 3757 146 3818 'lertio
164 3773 250 3834 quum
269 3754 424 3835 exprobrat
443 3755 520 3838 qnod
541 3761 680 3817 serzeium
690 3757 960 3817 communicaverint
979 3777 1045 3818 cnm
1065 3773 1178 3833 somma

56 3833 201 3898 dulcedine.
232 3833 382 3922 Poplremo
402 3831 1082 3916 qnod'simnl'eclebravsrint·sacrosconventus.
1103 3835 1178 3896 Nam

222 3933 253 3976 es
272 3917 435 3976 moielnlem
460 3915 518 3978 hoc
541 3916 606 3976 loeo
630 3917 727 3998 polius
746 3915 901 3997 significat,
922 3918 994 3994 (nesi
1014 3916 1127 3990 dioerel,
1146 3933 1178 3978 sc

202 3994 239 4054 do
258 3996 350 4055 amieo
369 3995 457 4056 inisse
476 3997 640 4076 proximum
659 3996 806 4072 comitem)
867 4016 913 4057 am
933 3995 970 4056 ad
989 3994 1090 4055 turbae
1108 3999 1178 4055 alre-

59 4071 142 4150 pilnm
159 4074 253 4140 ruistri
270 4074 381 4136 debeat.
412 4075 547 4136 Celerum
567 4073 624 4136 bno
642 4076 743 4138 ullimo
762 4095 838 4138 mem
857 4097 891 4137 ro
910 4075 1095 4156 conqueritur
1113 4094 1179 4154 pro·
1309 4087 1316 4102 ·

61 4150 142 4212 dium
162 4173 190 4213 se
213 4154 300 4214 luisse
324 4155 360 4214 ab
384 4173 420 4216 eo
439 4155 570 4230 homine,
593 4175 652 4236 qno
672 4176 730 4215 non
744 4157 843 4216 'solnm
863 4159 892 4215 in
912 4155 1030 4215 lerneuis
1048 4155 1179 4234 negotiis,

62 4230 108 4288 rod
125 4234 202 4294 eliam
220 4233 316 4295 inllei
336 4235 425 4309 collo,
444 4235 523 4296 socio
537 4242 567 4295 nl
588 4255 624 4296 oa
643 4237 727 4296 etiam
738 4237 873 4316 magislrn
887 4233 1069 4296 nsnslueram
1088 4252 1180 4314 mum

64 4319 148 4373 lamen
163 4314 259 4394 religio
277 4316 498 4381 samatimimnm
517 4317 554 4400 eil
567 4255 714 4376 bumanne
733 4315 938 4376 coniunctionis
949 4315 1104 4376 vinculum.
1133 4312 1179 4373 ln·

66 4397 131 4455 terea
144 4394 265 4458 adamus
283 4394 411 4458 inmuni
430 4393 573 4480 aspirilp
591 4401 690 4460 annulo
709 4415 760 4458 eos
775 4413 875 4458 omnes
893 4394 1043 4482 qoixsaora
1062 4400 1180 4456 naturae
