<?xml version="1.0" encoding="UTF-8"?>
<!DOCTYPE html PUBLIC "-//W3C//DTD XHTML 1.0 Transitional//EN"
    "http://www.w3.org/TR/xhtml1/DTD/xhtml1-transitional.dtd">
<html xmlns="http://www.w3.org/1999/xhtml" xml:lang="en" lang="en">
 <head>
  <title>
</title>
<meta http-equiv="Content-Type" content="text/html;charset=utf-8" />
  <meta name='ocr-system' content='tesseract 3.04.00' />
  <meta name='ocr-capabilities' content='ocr_page ocr_carea ocr_par ocr_line ocrx_word'/>
</head>
<body>
  <div class='ocr_page' id='page_1' title='image "./ioanniscalvinii03tholgoog_0299.png"; bbox 0 0 2748 4890; ppageno 0'>
   <div class='ocr_carea' id='block_1_1' title="bbox 168 267 879 328">
    <p class='ocr_par' dir='ltr' id='par_1_1' title="bbox 168 267 879 328">
     <span class='ocr_line' id='line_1_1' title="bbox 168 267 879 328; baseline -0.006 -16"><span class='ocrx_word' id='word_1_1' title='bbox 168 271 222 328; x_wconf 76' lang='lat'><strong>280</strong></span> <span class='ocrx_word' id='word_1_2' title='bbox 594 267 879 320; x_wconf 63' lang='lat' dir='ltr'><strong>uolumus</strong></span> 
     </span>
    </p>
   </div>
   <div class='ocr_carea' id='block_1_2' title="bbox 157 371 1307 714">
    <p class='ocr_par' dir='ltr' id='par_1_2' title="bbox 157 371 1307 714">
     <span class='ocr_line' id='line_1_2' title="bbox 169 371 1303 474; baseline -0.005 -18"><span class='ocrx_word' id='word_1_3' title='bbox 169 371 364 458; x_wconf 74' lang='lat' dir='ltr'><strong>budu&#39;tidele</strong></span> <span class='ocrx_word' id='word_1_4' title='bbox 425 393 452 454; x_wconf 85' lang='lat' dir='ltr'><strong>le</strong></span> <span class='ocrx_word' id='word_1_5' title='bbox 470 389 551 452; x_wconf 86' lang='lat' dir='ltr'><strong>Deus</strong></span> <span class='ocrx_word' id='word_1_6' title='bbox 571 411 603 453; x_wconf 87' lang='lat' dir='ltr'><strong>rc</strong></span> <span class='ocrx_word' id='word_1_7' title='bbox 621 393 683 474; x_wconf 81' lang='lat' dir='ltr'><strong>lpse</strong></span> <span class='ocrx_word' id='word_1_8' title='bbox 703 391 841 465; x_wconf 84' lang='lat' dir='ltr'><strong>ostendet,</strong></span> <span class='ocrx_word' id='word_1_9' title='bbox 860 407 920 453; x_wconf 89' lang='lat' dir='ltr'><strong>uon</strong></span> <span class='ocrx_word' id='word_1_10' title='bbox 937 387 1043 451; x_wconf 75' lang='lat' dir='ltr'><strong>bostm</strong></span> <span class='ocrx_word' id='word_1_11' title='bbox 1068 387 1160 452; x_wconf 82' lang='lat' dir='ltr'><strong>verbo</strong></span> <span class='ocrx_word' id='word_1_12' title='bbox 1179 407 1237 450; x_wconf 79' lang='lat' dir='ltr'><strong>ono</strong></span> <span class='ocrx_word' id='word_1_13' title='bbox 1256 387 1303 450; x_wconf 79' lang='lat' dir='ltr'><strong>ln·</strong></span> 
     </span>
     <span class='ocr_line' id='line_1_3' title="bbox 157 458 1303 582; baseline -0.005 -47"><span class='ocrx_word' id='word_1_14' title='bbox 157 473 364 581; x_wconf 69' lang='lat' dir='ltr'><strong>bituminisso</strong></span> <span class='ocrx_word' id='word_1_15' title='bbox 392 473 477 567; x_wconf 34' lang='lat' dir='ltr'><strong>,dem</strong></span> <span class='ocrx_word' id='word_1_16' title='bbox 518 471 575 532; x_wconf 85' lang='lat' dir='ltr'><strong>Alii</strong></span> <span class='ocrx_word' id='word_1_17' title='bbox 594 473 751 568; x_wconf 79' lang='lat' dir='ltr'><strong>resolvunt,</strong></span> <span class='ocrx_word' id='word_1_18' title='bbox 764 458 860 568; x_wconf 61' lang='lat' dir='ltr'><strong>diibus</strong></span> <span class='ocrx_word' id='word_1_19' title='bbox 879 476 946 582; x_wconf 68' lang='lat' dir='ltr'><strong>tuus</strong></span> <span class='ocrx_word' id='word_1_20' title='bbox 964 469 1130 544; x_wconf 80' lang='lat' dir='ltr'><strong>silveritus,</strong></span> <span class='ocrx_word' id='word_1_21' title='bbox 1148 485 1205 530; x_wconf 87' lang='lat' dir='ltr'><strong>nec</strong></span> <span class='ocrx_word' id='word_1_22' title='bbox 1226 473 1303 566; x_wconf 88' lang='lat' dir='ltr'><strong>qm</strong></span> 
     </span>
     <span class='ocr_line' id='line_1_4' title="bbox 167 551 1307 714; baseline 0.01 -22"><span class='ocrx_word' id='word_1_23' title='bbox 167 559 306 708; x_wconf 56' lang='lat' dir='ltr'><strong>tite?</strong></span> <span class='ocrx_word' id='word_1_24' title='bbox 324 551 1307 714; x_wconf 51' lang='lat' dir='ltr'><strong>ffiqffiffipfflffifflffi</strong></span> 
     </span>
    </p>
   </div>
   <div class='ocr_carea' id='block_1_3' title="bbox 170 705 1306 850">
    <p class='ocr_par' dir='ltr' id='par_1_3' title="bbox 170 705 1306 850">
     <span class='ocr_line' id='line_1_5' title="bbox 170 705 1306 850; baseline -0.004 -78"><span class='ocrx_word' id='word_1_25' title='bbox 170 714 250 772; x_wconf 83' lang='lat' dir='ltr'><strong>vivas</strong></span> <span class='ocrx_word' id='word_1_26' title='bbox 269 731 307 772; x_wconf 79' lang='lat' dir='ltr'><strong>ex</strong></span> <span class='ocrx_word' id='word_1_27' title='bbox 326 715 419 850; x_wconf 79' lang='lat' dir='ltr'><strong>rapto,</strong></span> <span class='ocrx_word' id='word_1_28' title='bbox 444 710 494 770; x_wconf 86' lang='lat' dir='ltr'><strong>sed</strong></span> <span class='ocrx_word' id='word_1_29' title='bbox 517 710 643 792; x_wconf 79' lang='lat' dir='ltr'><strong>legitime</strong></span> <span class='ocrx_word' id='word_1_30' title='bbox 667 712 747 770; x_wconf 84' lang='lat' dir='ltr'><strong>victu</strong></span> <span class='ocrx_word' id='word_1_31' title='bbox 770 715 921 771; x_wconf 80' lang='lat' dir='ltr'><strong>contentus</strong></span> <span class='ocrx_word' id='word_1_32' title='bbox 940 709 988 770; x_wconf 86' lang='lat' dir='ltr'><strong>uis.</strong></span> <span class='ocrx_word' id='word_1_33' title='bbox 1027 705 1116 768; x_wconf 80' lang='lat' dir='ltr'><strong>Certe</strong></span> <span class='ocrx_word' id='word_1_34' title='bbox 1138 709 1171 769; x_wconf 87' lang='lat' dir='ltr'><strong>in</strong></span> <span class='ocrx_word' id='word_1_35' title='bbox 1188 727 1223 769; x_wconf 88' lang='lat' dir='ltr'><strong>re</strong></span> <span class='ocrx_word' id='word_1_36' title='bbox 1242 727 1306 790; x_wconf 85' lang='lat' dir='ltr'><strong>per·</strong></span> 
     </span>
    </p>
   </div>
   <div class='ocr_carea' id='block_1_4' title="bbox 77 810 1309 1826">
    <p class='ocr_par' dir='ltr' id='par_1_4' title="bbox 77 810 1309 1588">
     <span class='ocr_line' id='line_1_6' title="bbox 168 810 1307 950; baseline -0.003 -20"><span class='ocrx_word' id='word_1_37' title='bbox 168 810 335 931; x_wconf 48' lang='lat' dir='ltr'><strong>⁸iiimeiniili</strong></span> <span class='ocrx_word' id='word_1_38' title='bbox 351 869 416 931; x_wconf 84' lang='lat' dir='ltr'><strong>dete</strong></span> <span class='ocrx_word' id='word_1_39' title='bbox 440 889 459 930; x_wconf 94' lang='lat' dir='ltr'><strong>o</strong></span> <span class='ocrx_word' id='word_1_40' title='bbox 479 885 528 932; x_wconf 89' lang='lat' dir='ltr'><strong>era</strong></span> <span class='ocrx_word' id='word_1_41' title='bbox 547 889 690 950; x_wconf 88' lang='lat' dir='ltr'><strong>quemque</strong></span> <span class='ocrx_word' id='word_1_42' title='bbox 712 866 961 948; x_wconf 68' lang='lat' dir='ltr'><strong>adquaerendam</strong></span> <span class='ocrx_word' id='word_1_43' title='bbox 980 887 1089 933; x_wconf 80' lang='lat' dir='ltr'><strong>uenum</strong></span> <span class='ocrx_word' id='word_1_44' title='bbox 1108 873 1307 928; x_wconf 66' lang='lat' dir='ltr'><strong>commeatum</strong></span> 
     </span>
     <span class='ocr_line' id='line_1_7' title="bbox 168 891 1308 1108; baseline -0.004 -19"><span class='ocrx_word' id='word_1_45' title='bbox 168 891 547 1105; x_wconf 69' lang='lat' dir='ltr'><strong>eti</strong></span> <span class='ocrx_word' id='word_1_46' title='bbox 562 951 667 1090; x_wconf 72' lang='lat' dir='ltr'><strong>ee</strong></span> <span class='ocrx_word' id='word_1_47' title='bbox 684 945 1308 1108; x_wconf 55' lang='lat' dir='ltr'><strong>ercumbertus</strong></span> 
     </span>
     <span class='ocr_line' id='line_1_8' title="bbox 170 1101 1309 1184; baseline -0.004 -14"><span class='ocrx_word' id='word_1_48' title='bbox 170 1107 377 1170; x_wconf 87' lang='lat' dir='ltr'><strong>lumHebracis</strong></span> <span class='ocrx_word' id='word_1_49' title='bbox 395 1115 441 1170; x_wconf 86' lang='lat' dir='ltr'><strong>est</strong></span> <span class='ocrx_word' id='word_1_50' title='bbox 458 1110 562 1170; x_wconf 82' lang='lat' dir='ltr'><strong>veritus</strong></span> <span class='ocrx_word' id='word_1_51' title='bbox 581 1115 632 1170; x_wconf 88' lang='lat' dir='ltr'><strong>ant</strong></span> <span class='ocrx_word' id='word_1_52' title='bbox 650 1107 731 1184; x_wconf 82' lang='lat' dir='ltr'><strong>lidos,</strong></span> <span class='ocrx_word' id='word_1_53' title='bbox 750 1107 801 1167; x_wconf 88' lang='lat' dir='ltr'><strong>sed</strong></span> <span class='ocrx_word' id='word_1_54' title='bbox 819 1108 906 1170; x_wconf 83' lang='lat' dir='ltr'><strong>etiem</strong></span> <span class='ocrx_word' id='word_1_55' title='bbox 924 1106 1006 1168; x_wconf 83' lang='lat' dir='ltr'><strong>firme</strong></span> <span class='ocrx_word' id='word_1_56' title='bbox 1019 1102 1199 1166; x_wconf 86' lang='lat' dir='ltr'><strong>didturuitas.</strong></span> <span class='ocrx_word' id='word_1_57' title='bbox 1232 1101 1309 1184; x_wconf 81' lang='lat' dir='ltr'><strong>Quis</strong></span> 
     </span>
     <span class='ocr_line' id='line_1_9' title="bbox 170 1183 1308 1286; baseline -0.002 -38"><span class='ocrx_word' id='word_1_58' title='bbox 170 1195 266 1284; x_wconf 61' lang='lat' dir='ltr'><strong>enum</strong></span> <span class='ocrx_word' id='word_1_59' title='bbox 284 1207 344 1249; x_wconf 90' lang='lat' dir='ltr'><strong>non</strong></span> <span class='ocrx_word' id='word_1_60' title='bbox 362 1187 450 1286; x_wconf 81' lang='lat' dir='ltr'><strong>videt,</strong></span> <span class='ocrx_word' id='word_1_61' title='bbox 467 1229 470 1236; x_wconf 67' lang='grc'><strong><em>»</em></strong></span> <span class='ocrx_word' id='word_1_62' title='bbox 490 1193 628 1286; x_wconf 44' lang='lat' dir='ltr'><strong>pstquam·</strong></span> <span class='ocrx_word' id='word_1_63' title='bbox 640 1187 722 1250; x_wconf 82' lang='lat' dir='ltr'><strong>iustis</strong></span> <span class='ocrx_word' id='word_1_64' title='bbox 741 1186 808 1250; x_wconf 86' lang='lat' dir='ltr'><strong>data</strong></span> <span class='ocrx_word' id='word_1_65' title='bbox 820 1193 882 1250; x_wconf 83' lang='lat' dir='ltr'><strong>crat</strong></span> <span class='ocrx_word' id='word_1_66' title='bbox 899 1192 992 1248; x_wconf 83' lang='lat' dir='ltr'><strong>terrae</strong></span> <span class='ocrx_word' id='word_1_67' title='bbox 1011 1187 1165 1266; x_wconf 70' lang='lat' dir='ltr'><strong>possessio,</strong></span> <span class='ocrx_word' id='word_1_68' title='bbox 1183 1183 1243 1246; x_wconf 80' lang='lat' dir='ltr'><strong>noe</strong></span> <span class='ocrx_word' id='word_1_69' title='bbox 1256 1203 1308 1266; x_wconf 93' lang='lat' dir='ltr'><strong>po-</strong></span> 
     </span>
     <span class='ocr_line' id='line_1_10' title="bbox 77 1267 1308 1432; baseline -0.005 -22"><span class='ocrx_word' id='word_1_70' title='bbox 77 1359 83 1374; x_wconf 55' lang='lat'><em>*</em></span> <span class='ocrx_word' id='word_1_71' title='bbox 155 1275 279 1410; x_wconf 49' lang='lat' dir='ltr'><strong>,quq</strong></span> <span class='ocrx_word' id='word_1_72' title='bbox 295 1267 754 1432; x_wconf 40' lang='lat' dir='ltr'><strong>mmmmm</strong></span> <span class='ocrx_word' id='word_1_73' title='bbox 793 1309 877 1410; x_wconf 60' lang='lat' dir='ltr'><strong>nc</strong></span> <span class='ocrx_word' id='word_1_74' title='bbox 898 1345 1052 1408; x_wconf 64' lang='lat' dir='ltr'><strong>clames</strong></span> <span class='ocrx_word' id='word_1_75' title='bbox 1074 1345 1156 1406; x_wconf 72' lang='lat' dir='ltr'><strong>vanu</strong></span> <span class='ocrx_word' id='word_1_76' title='bbox 1176 1349 1209 1405; x_wconf 76' lang='lat' dir='ltr'><strong>e</strong></span> <span class='ocrx_word' id='word_1_77' title='bbox 1227 1343 1308 1404; x_wconf 69' lang='lat' dir='ltr'><strong>m</strong></span> 
     </span>
     <span class='ocr_line' id='line_1_11' title="bbox 169 1421 1309 1568; baseline -0.002 -80"><span class='ocrx_word' id='word_1_78' title='bbox 169 1425 251 1488; x_wconf 91' lang='lat' dir='ltr'><strong>cibus</strong></span> <span class='ocrx_word' id='word_1_79' title='bbox 269 1425 369 1487; x_wconf 91' lang='lat' dir='ltr'><strong>mundi</strong></span> <span class='ocrx_word' id='word_1_80' title='bbox 385 1425 525 1528; x_wconf 71' lang='lat' dir='ltr'><strong>illecebris</strong></span> <span class='ocrx_word' id='word_1_81' title='bbox 540 1427 704 1524; x_wconf 75' lang='lat' dir='ltr'><strong>epponitur,</strong></span> <span class='ocrx_word' id='word_1_82' title='bbox 717 1426 946 1568; x_wconf 59' lang='lat' dir='ltr'><strong>ffipmfenps</strong></span> <span class='ocrx_word' id='word_1_83' title='bbox 953 1424 1085 1522; x_wconf 71' lang='lat' dir='ltr'><strong>homines</strong></span> <span class='ocrx_word' id='word_1_84' title='bbox 1104 1425 1147 1520; x_wconf 74' lang='lat' dir='ltr'><strong>sic</strong></span> <span class='ocrx_word' id='word_1_85' title='bbox 1155 1421 1309 1498; x_wconf 81' lang='lat' dir='ltr'><strong>inebriant,</strong></span> 
     </span>
     <span class='ocr_line' id='line_1_12' title="bbox 170 1503 1211 1588; baseline -0.001 -19"><span class='ocrx_word' id='word_1_86' title='bbox 170 1513 206 1569; x_wconf 88' lang='lat' dir='ltr'><strong>ut</strong></span> <span class='ocrx_word' id='word_1_87' title='bbox 223 1511 319 1588; x_wconf 78' lang='lat' dir='ltr'><strong>spreta</strong></span> <span class='ocrx_word' id='word_1_88' title='bbox 337 1503 395 1566; x_wconf 85' lang='lat' dir='ltr'><strong>Der</strong></span> <span class='ocrx_word' id='word_1_89' title='bbox 418 1504 611 1568; x_wconf 77' lang='lat' dir='ltr'><strong>bencdictione</strong></span> <span class='ocrx_word' id='word_1_90' title='bbox 635 1525 695 1568; x_wconf 92' lang='lat' dir='ltr'><strong>non</strong></span> <span class='ocrx_word' id='word_1_91' title='bbox 826 1512 970 1572; x_wconf 73' lang='lat' dir='ltr'><strong>somnient</strong></span> <span class='ocrx_word' id='word_1_92' title='bbox 985 1503 1211 1578; x_wconf 63' lang='lat' dir='ltr'><strong>beatitudinum</strong></span> 
     </span>
    </p>

    <p class='ocr_par' dir='ltr' id='par_1_5' title="bbox 139 1583 1309 1826">
     <span class='ocr_line' id='line_1_13' title="bbox 171 1583 1291 1672; baseline -0.004 -25"><span class='ocrx_word' id='word_1_93' title='bbox 171 1604 254 1672; x_wconf 24' lang='lat' dir='ltr'><strong>qnae,</strong></span> <span class='ocrx_word' id='word_1_94' title='bbox 265 1583 303 1647; x_wconf 88' lang='lat' dir='ltr'><strong>ad</strong></span> <span class='ocrx_word' id='word_1_95' title='bbox 320 1592 498 1649; x_wconf 87' lang='lat' dir='ltr'><strong>momentum</strong></span> <span class='ocrx_word' id='word_1_96' title='bbox 516 1603 549 1647; x_wconf 85' lang='lat' dir='ltr'><strong>se</strong></span> <span class='ocrx_word' id='word_1_97' title='bbox 566 1587 669 1668; x_wconf 74' lang='lat' dir='ltr'><strong>ingerit</strong></span> <span class='ocrx_word' id='word_1_98' title='bbox 692 1603 793 1648; x_wconf 84' lang='lat' dir='ltr'><strong>corum</strong></span> <span class='ocrx_word' id='word_1_99' title='bbox 816 1585 914 1646; x_wconf 73' lang='lat' dir='ltr'><strong>oculte</strong></span> <span class='ocrx_word' id='word_1_100' title='bbox 951 1583 1050 1664; x_wconf 83' lang='lat' dir='ltr'><strong>Atque</strong></span> <span class='ocrx_word' id='word_1_101' title='bbox 1068 1583 1141 1644; x_wconf 80' lang='lat' dir='ltr'><strong>tinec</strong></span> <span class='ocrx_word' id='word_1_102' title='bbox 1159 1602 1196 1642; x_wconf 83' lang='lat' dir='ltr'><strong>an</strong></span> <span class='ocrx_word' id='word_1_103' title='bbox 1209 1584 1236 1670; x_wconf 19' lang='grc' dir='ltr'><strong>’Β</strong></span> <span class='ocrx_word' id='word_1_104' title='bbox 1282 1584 1291 1598; x_wconf 91' lang='grc'><strong>”</strong></span> 
     </span>
     <span class='ocr_line' id='line_1_14' title="bbox 171 1663 1308 1748; baseline -0.004 -22"><span class='ocrx_word' id='word_1_105' title='bbox 171 1665 246 1726; x_wconf 83' lang='lat' dir='ltr'><strong>inter</strong></span> <span class='ocrx_word' id='word_1_106' title='bbox 269 1665 389 1727; x_wconf 78' lang='lat' dir='ltr'><strong>erratice</strong></span> <span class='ocrx_word' id='word_1_107' title='bbox 407 1671 438 1726; x_wconf 85' lang='lat' dir='ltr'><strong>ct</strong></span> <span class='ocrx_word' id='word_1_108' title='bbox 455 1683 561 1727; x_wconf 80' lang='lat' dir='ltr'><strong>sesana</strong></span> <span class='ocrx_word' id='word_1_109' title='bbox 585 1665 687 1748; x_wconf 81' lang='lat' dir='ltr'><strong>gaudia</strong></span> <span class='ocrx_word' id='word_1_110' title='bbox 710 1664 813 1745; x_wconf 88' lang='lat' dir='ltr'><strong>quibus</strong></span> <span class='ocrx_word' id='word_1_111' title='bbox 831 1684 865 1726; x_wconf 88' lang='lat' dir='ltr'><strong>se</strong></span> <span class='ocrx_word' id='word_1_112' title='bbox 882 1663 1006 1727; x_wconf 81' lang='lat' dir='ltr'><strong>mundns</strong></span> <span class='ocrx_word' id='word_1_113' title='bbox 1025 1663 1140 1744; x_wconf 74' lang='lat' dir='ltr'><strong>decipit,</strong></span> <span class='ocrx_word' id='word_1_114' title='bbox 1159 1668 1190 1723; x_wconf 89' lang='lat' dir='ltr'><strong>et</strong></span> <span class='ocrx_word' id='word_1_115' title='bbox 1209 1679 1308 1722; x_wconf 73' lang='lat' dir='ltr'><strong>mun</strong></span> 
     </span>
     <span class='ocr_line' id='line_1_15' title="bbox 139 1743 1309 1826; baseline -0.005 -21"><span class='ocrx_word' id='word_1_116' title='bbox 139 1809 142 1820; x_wconf 56' lang='grc'><strong><em>,</em></strong></span> <span class='ocrx_word' id='word_1_117' title='bbox 172 1745 307 1825; x_wconf 71' lang='lat' dir='ltr'><strong>quietem</strong></span> <span class='ocrx_word' id='word_1_118' title='bbox 325 1745 357 1804; x_wconf 89' lang='lat' dir='ltr'><strong>ln</strong></span> <span class='ocrx_word' id='word_1_119' title='bbox 375 1763 434 1824; x_wconf 82' lang='lat' dir='ltr'><strong>qus</strong></span> <span class='ocrx_word' id='word_1_120' title='bbox 452 1762 487 1822; x_wconf 78' lang='lat' dir='ltr'><strong>se¹</strong></span> <span class='ocrx_word' id='word_1_121' title='bbox 502 1745 646 1811; x_wconf 86' lang='lat' dir='ltr'><strong>continent</strong></span> <span class='ocrx_word' id='word_1_122' title='bbox 654 1744 762 1820; x_wconf 83' lang='lat' dir='ltr'><strong>fideles,</strong></span> <span class='ocrx_word' id='word_1_123' title='bbox 781 1743 929 1826; x_wconf 73' lang='lat' dir='ltr'><strong>diligenter</strong></span> <span class='ocrx_word' id='word_1_124' title='bbox 937 1743 1063 1805; x_wconf 86' lang='lat' dir='ltr'><strong>notcnde</strong></span> <span class='ocrx_word' id='word_1_125' title='bbox 1081 1749 1140 1802; x_wconf 78' lang='lat' dir='ltr'><strong>est:</strong></span> <span class='ocrx_word' id='word_1_126' title='bbox 1159 1743 1229 1822; x_wconf 68' lang='lat' dir='ltr'><strong>quin</strong></span> <span class='ocrx_word' id='word_1_127' title='bbox 1247 1743 1309 1800; x_wconf 64' lang='grc' dir='ltr'><strong>ἀνα</strong></span> 
     </span>
    </p>
   </div>
   <div class='ocr_carea' id='block_1_5' title="bbox 379 786 1307 870">
    <p class='ocr_par' dir='ltr' id='par_1_6' title="bbox 379 786 1307 870">
     <span class='ocr_line' id='line_1_16' title="bbox 379 786 1307 870; baseline -0.003 -20"><span class='ocrx_word' id='word_1_128' title='bbox 379 789 545 852; x_wconf 76' lang='lat' dir='ltr'><strong>allucinatos</strong></span> <span class='ocrx_word' id='word_1_129' title='bbox 569 809 632 851; x_wconf 86' lang='lat' dir='ltr'><strong>esse</strong></span> <span class='ocrx_word' id='word_1_130' title='bbox 655 789 755 850; x_wconf 88' lang='lat' dir='ltr'><strong>doctos</strong></span> <span class='ocrx_word' id='word_1_131' title='bbox 774 788 905 850; x_wconf 81' lang='lat' dir='ltr'><strong>hominos</strong></span> <span class='ocrx_word' id='word_1_132' title='bbox 917 793 1002 870; x_wconf 85' lang='lat' dir='ltr'><strong>turpe</strong></span> <span class='ocrx_word' id='word_1_133' title='bbox 1021 786 1236 870; x_wconf 84' lang='lat' dir='ltr'><strong>uopudeudmu</strong></span> <span class='ocrx_word' id='word_1_134' title='bbox 1254 794 1307 848; x_wconf 82' lang='lat' dir='ltr'><strong>est.</strong></span> 
     </span>
    </p>
   </div>
   <div class='ocr_carea' id='block_1_6' title="bbox 62 1823 1311 1902">
    <p class='ocr_par' dir='ltr' id='par_1_7' title="bbox 62 1823 1311 1902">
     <span class='ocr_line' id='line_1_17' title="bbox 62 1823 1311 1902; baseline 0 -18"><span class='ocrx_word' id='word_1_135' title='bbox 62 1849 68 1868; x_wconf 58' lang='grc' dir='ltr'><strong><em>ι</em></strong></span> <span class='ocrx_word' id='word_1_136' title='bbox 171 1823 254 1884; x_wconf 89' lang='lat' dir='ltr'><strong>nobis</strong></span> <span class='ocrx_word' id='word_1_137' title='bbox 272 1823 417 1886; x_wconf 83' lang='lat' dir='ltr'><strong>erridcuut</strong></span> <span class='ocrx_word' id='word_1_138' title='bbox 433 1826 538 1901; x_wconf 87' lang='lat' dir='ltr'><strong>omniu,</strong></span> <span class='ocrx_word' id='word_1_139' title='bbox 557 1825 618 1886; x_wconf 84' lang='lat' dir='ltr'><strong>sivo</strong></span> <span class='ocrx_word' id='word_1_140' title='bbox 636 1823 841 1886; x_wconf 88' lang='lat' dir='ltr'><strong>ucsDcminus</strong></span> <span class='ocrx_word' id='word_1_141' title='bbox 860 1823 1021 1886; x_wconf 75' lang='lat' dir='ltr'><strong>infortuniis</strong></span> <span class='ocrx_word' id='word_1_142' title='bbox 1033 1828 1176 1897; x_wconf 75' lang='lat' dir='ltr'><strong>exmceet,</strong></span> <span class='ocrx_word' id='word_1_143' title='bbox 1192 1839 1311 1902; x_wconf 72' lang='lat' dir='ltr'><strong>smper</strong></span> 
     </span>
    </p>
   </div>
   <div class='ocr_carea' id='block_1_7' title="bbox 80 3173 875 3262">
    <p class='ocr_par' dir='ltr' id='par_1_8' title="bbox 80 3173 875 3262">
     <span class='ocr_line' id='line_1_18' title="bbox 80 3173 875 3262; baseline 0.006 -29"><span class='ocrx_word' id='word_1_144' title='bbox 80 3246 84 3262; x_wconf 88' lang='lat'>.</span> <span class='ocrx_word' id='word_1_145' title='bbox 143 3241 147 3248; x_wconf 51' lang='grc'>,</span> <span class='ocrx_word' id='word_1_146' title='bbox 178 3174 236 3255; x_wconf 90' lang='lat' dir='ltr'><strong>cipi</strong></span> <span class='ocrx_word' id='word_1_147' title='bbox 254 3193 315 3236; x_wconf 90' lang='lat' dir='ltr'><strong>non</strong></span> <span class='ocrx_word' id='word_1_148' title='bbox 354 3173 451 3236; x_wconf 80' lang='lat' dir='ltr'><strong>uitium</strong></span> <span class='ocrx_word' id='word_1_149' title='bbox 469 3183 521 3236; x_wconf 87' lang='lat' dir='ltr'><strong>cst.</strong></span> <span class='ocrx_word' id='word_1_150' title='bbox 559 3176 658 3258; x_wconf 86' lang='lat' dir='ltr'><strong>ltaque</strong></span> <span class='ocrx_word' id='word_1_151' title='bbox 676 3177 737 3237; x_wconf 84' lang='lat' dir='ltr'><strong>vias</strong></span> <span class='ocrx_word' id='word_1_152' title='bbox 755 3195 821 3238; x_wconf 90' lang='lat' dir='ltr'><strong>suus</strong></span> <span class='ocrx_word' id='word_1_153' title='bbox 844 3177 875 3238; x_wconf 89' lang='lat' dir='ltr'><strong>iu</strong></span> 
     </span>
    </p>
   </div>
   <div class='ocr_carea' id='block_1_8' title="bbox 67 1900 1321 4453">
    <p class='ocr_par' dir='ltr' id='par_1_9' title="bbox 67 1900 1321 4453">
     <span class='ocr_line' id='line_1_19' title="bbox 171 1900 1310 1986; baseline -0.002 -22"><span class='ocrx_word' id='word_1_154' title='bbox 171 1903 351 1965; x_wconf 84' lang='lat' dir='ltr'><strong>retinendum</strong></span> <span class='ocrx_word' id='word_1_155' title='bbox 375 1909 419 1964; x_wconf 85' lang='lat' dir='ltr'><strong>est</strong></span> <span class='ocrx_word' id='word_1_156' title='bbox 437 1903 509 1966; x_wconf 89' lang='lat' dir='ltr'><strong>illud</strong></span> <span class='ocrx_word' id='word_1_157' title='bbox 527 1905 617 1986; x_wconf 87' lang='lat' dir='ltr'><strong>princi</strong></span> <span class='ocrx_word' id='word_1_158' title='bbox 638 1905 708 1981; x_wconf 87' lang='lat' dir='ltr'><strong>ium,</strong></span> <span class='ocrx_word' id='word_1_159' title='bbox 731 1902 810 1984; x_wconf 80' lang='lat' dir='ltr'><strong>Quia</strong></span> <span class='ocrx_word' id='word_1_160' title='bbox 829 1901 910 1966; x_wconf 77' lang='lat' dir='ltr'><strong>Deus</strong></span> <span class='ocrx_word' id='word_1_161' title='bbox 928 1904 1141 1986; x_wconf 73' lang='lat' dir='ltr'><strong>portiomostra</strong></span> <span class='ocrx_word' id='word_1_162' title='bbox 1159 1909 1213 1976; x_wconf 86' lang='lat' dir='ltr'><strong>cst,</strong></span> <span class='ocrx_word' id='word_1_163' title='bbox 1232 1900 1310 1962; x_wconf 81' lang='lat' dir='ltr'><strong>funi·</strong></span> 
     </span>
     <span class='ocr_line' id='line_1_20' title="bbox 171 1977 1312 2060; baseline -0.003 -17"><span class='ocrx_word' id='word_1_164' title='bbox 171 1982 270 2044; x_wconf 82' lang='lat' dir='ltr'><strong>ctdnm</strong></span> <span class='ocrx_word' id='word_1_165' title='bbox 308 1981 431 2044; x_wconf 74' lang='lat' dir='ltr'><strong>mcclme</strong></span> <span class='ocrx_word' id='word_1_166' title='bbox 448 1983 533 2046; x_wconf 89' lang='lat' dir='ltr'><strong>nobis</strong></span> <span class='ocrx_word' id='word_1_167' title='bbox 551 1985 637 2046; x_wconf 82' lang='lat' dir='ltr'><strong>ceci&#39;</strong></span> <span class='ocrx_word' id='word_1_168' title='bbox 718 1984 801 2045; x_wconf 90' lang='lat' dir='ltr'><strong>sicuti</strong></span> <span class='ocrx_word' id='word_1_169' title='bbox 819 1981 896 2044; x_wconf 88' lang='lat' dir='ltr'><strong>Psal.</strong></span> <span class='ocrx_word' id='word_1_170' title='bbox 920 1986 968 2060; x_wconf 83' lang='lat' dir='ltr'><strong>ld,</strong></span> <span class='ocrx_word' id='word_1_171' title='bbox 987 1985 1016 2045; x_wconf 84' lang='lat'><strong>5.</strong></span> <span class='ocrx_word' id='word_1_172' title='bbox 1035 1981 1168 2043; x_wconf 76' lang='lat' dir='ltr'><strong>vidimus„</strong></span> <span class='ocrx_word' id='word_1_173' title='bbox 1206 1977 1312 2060; x_wconf 81' lang='lat' dir='ltr'><strong>Quare</strong></span> 
     </span>
     <span class='ocr_line' id='line_1_21' title="bbox 162 2059 1312 2140; baseline -0.001 -19"><span class='ocrx_word' id='word_1_174' title='bbox 162 2061 230 2140; x_wconf 79' lang='lat' dir='ltr'><strong>&#39;huc</strong></span> <span class='ocrx_word' id='word_1_175' title='bbox 247 2081 278 2122; x_wconf 89' lang='lat' dir='ltr'><strong>sc</strong></span> <span class='ocrx_word' id='word_1_176' title='bbox 299 2063 347 2124; x_wconf 86' lang='lat' dir='ltr'><strong>nlo</strong></span> <span class='ocrx_word' id='word_1_177' title='bbox 370 2063 522 2126; x_wconf 79' lang='lat' dir='ltr'><strong>reverendi</strong></span> <span class='ocrx_word' id='word_1_178' title='bbox 545 2069 614 2126; x_wconf 89' lang='lat' dir='ltr'><strong>sunt</strong></span> <span class='ocrx_word' id='word_1_179' title='bbox 644 2063 756 2125; x_wconf 71' lang='lat' dir='ltr'><strong>msidne</strong></span> <span class='ocrx_word' id='word_1_180' title='bbox 774 2063 869 2140; x_wconf 87' lang='lat' dir='ltr'><strong>enimi,</strong></span> <span class='ocrx_word' id='word_1_181' title='bbox 887 2081 946 2124; x_wconf 88' lang='lat' dir='ltr'><strong>non</strong></span> <span class='ocrx_word' id='word_1_182' title='bbox 961 2059 1134 2137; x_wconf 78' lang='lat' dir='ltr'><strong>cliternobis</strong></span> <span class='ocrx_word' id='word_1_183' title='bbox 1153 2059 1228 2122; x_wconf 87' lang='lat' dir='ltr'><strong>bene</strong></span> <span class='ocrx_word' id='word_1_184' title='bbox 1248 2077 1312 2120; x_wconf 82' lang='lat' dir='ltr'><strong>essa</strong></span> 
     </span>
     <span class='ocr_line' id='line_1_22' title="bbox 173 2139 1313 2316; baseline -0.002 -35"><span class='ocrx_word' id='word_1_185' title='bbox 173 2139 1313 2316; x_wconf 62' lang='lat' dir='ltr'><strong>ttmttteuteetteettuteu“utute</strong></span> 
     </span>
     <span class='ocr_line' id='line_1_23' title="bbox 163 2297 1316 2381; baseline 0 -21"><span class='ocrx_word' id='word_1_186' title='bbox 163 2300 252 2360; x_wconf 87' lang='lat' dir='ltr'><strong>&#39;ditur</strong></span> <span class='ocrx_word' id='word_1_187' title='bbox 270 2300 431 2380; x_wconf 82' lang='lat' dir='ltr'><strong>promissio,</strong></span> <span class='ocrx_word' id='word_1_188' title='bbox 450 2301 475 2362; x_wconf 91' lang='lat' dir='ltr'><strong>si</strong></span> <span class='ocrx_word' id='word_1_189' title='bbox 493 2300 677 2363; x_wconf 85' lang='lat' dir='ltr'><strong>uuchoite</strong></span> <span class='ocrx_word' id='word_1_190' title='bbox 696 2303 823 2368; x_wconf 60' lang='lat' dir='ltr'><strong>conlati</strong></span> <span class='ocrx_word' id='word_1_191' title='bbox 835 2301 949 2377; x_wconf 80' lang='lat' dir='ltr'><strong>erinna,</strong></span> <span class='ocrx_word' id='word_1_192' title='bbox 968 2301 1063 2381; x_wconf 88' lang='lat' dir='ltr'><strong>ipsum</strong></span> <span class='ocrx_word' id='word_1_193' title='bbox 1083 2297 1220 2380; x_wconf 76' lang='lat' dir='ltr'><strong>quioquid</strong></span> <span class='ocrx_word' id='word_1_194' title='bbox 1229 2303 1316 2380; x_wconf 74' lang='lat' dir='ltr'><strong>opn-</strong></span> 
     </span>
     <span class='ocr_line' id='line_1_24' title="bbox 174 2377 1316 2464; baseline 0 -26"><span class='ocrx_word' id='word_1_195' title='bbox 174 2380 311 2456; x_wconf 78' lang='lat' dir='ltr'><strong>serimus,</strong></span> <span class='ocrx_word' id='word_1_196' title='bbox 329 2378 482 2442; x_wconf 72' lang='lat' dir='ltr'><strong>liberuliten</strong></span> <span class='ocrx_word' id='word_1_197' title='bbox 500 2380 643 2458; x_wconf 70' lang='lat' dir='ltr'><strong>mturdm,</strong></span> <span class='ocrx_word' id='word_1_198' title='bbox 660 2401 721 2443; x_wconf 91' lang='lat' dir='ltr'><strong>uon</strong></span> <span class='ocrx_word' id='word_1_199' title='bbox 740 2381 819 2464; x_wconf 86' lang='lat' dir='ltr'><strong>qnod</strong></span> <span class='ocrx_word' id='word_1_200' title='bbox 837 2382 934 2442; x_wconf 86' lang='lat' dir='ltr'><strong>statim</strong></span> <span class='ocrx_word' id='word_1_201' title='bbox 947 2379 1094 2441; x_wconf 87' lang='lat' dir='ltr'><strong>obtineant</strong></span> <span class='ocrx_word' id='word_1_202' title='bbox 1111 2377 1210 2438; x_wconf 72' lang='lat' dir='ltr'><strong>fideus</strong></span> <span class='ocrx_word' id='word_1_203' title='bbox 1231 2379 1316 2459; x_wconf 83' lang='lat' dir='ltr'><strong>quir·</strong></span> 
     </span>
     <span class='ocr_line' id='line_1_25' title="bbox 227 2457 1316 2532; baseline 0.001 -15"><span class='ocrx_word' id='word_1_204' title='bbox 227 2457 247 2517; x_wconf 94' lang='lat' dir='ltr'><strong>d</strong></span> <span class='ocrx_word' id='word_1_205' title='bbox 270 2458 555 2521; x_wconf 76' lang='lat' dir='ltr'><strong>inconsiderateillis</strong></span> <span class='ocrx_word' id='word_1_206' title='bbox 578 2461 610 2521; x_wconf 91' lang='lat' dir='ltr'><strong>iu</strong></span> <span class='ocrx_word' id='word_1_207' title='bbox 632 2467 759 2523; x_wconf 71' lang='lat' dir='ltr'><strong>mentm</strong></span> <span class='ocrx_word' id='word_1_208' title='bbox 782 2461 906 2522; x_wconf 72' lang='lat' dir='ltr'><strong>veneriis</strong></span> <span class='ocrx_word' id='word_1_209' title='bbox 930 2460 1060 2520; x_wconf 83' lang='lat' dir='ltr'><strong>sicutne</strong></span> <span class='ocrx_word' id='word_1_210' title='bbox 1099 2459 1205 2520; x_wconf 89' lang='lat' dir='ltr'><strong>cutile</strong></span> <span class='ocrx_word' id='word_1_211' title='bbox 1224 2463 1316 2532; x_wconf 78' lang='lat' dir='ltr'><strong>esset,</strong></span> 
     </span>
     <span class='ocr_line' id='line_1_26' title="bbox 223 2533 1316 2622; baseline -0.005 -22"><span class='ocrx_word' id='word_1_212' title='bbox 223 2557 272 2600; x_wconf 88' lang='lat' dir='ltr'><strong>um</strong></span> <span class='ocrx_word' id='word_1_213' title='bbox 290 2537 387 2619; x_wconf 78' lang='lat' dir='ltr'><strong>provio</strong></span> <span class='ocrx_word' id='word_1_214' title='bbox 406 2537 605 2622; x_wconf 68' lang='lat' dir='ltr'><strong>cupiditatibus</strong></span> <span class='ocrx_word' id='word_1_215' title='bbox 613 2559 724 2605; x_wconf 80' lang='lat' dir='ltr'><strong>rnorem</strong></span> <span class='ocrx_word' id='word_1_216' title='bbox 742 2559 852 2622; x_wconf 70' lang='lat' dir='ltr'><strong>geretur</strong></span> <span class='ocrx_word' id='word_1_217' title='bbox 872 2539 923 2604; x_wconf 87' lang='lat' dir='ltr'><strong>sed</strong></span> <span class='ocrx_word' id='word_1_218' title='bbox 941 2545 1053 2600; x_wconf 82' lang='lat' dir='ltr'><strong>nutum</strong></span> <span class='ocrx_word' id='word_1_219' title='bbox 1092 2557 1129 2598; x_wconf 86' lang='lat' dir='ltr'><strong>oc</strong></span> <span class='ocrx_word' id='word_1_220' title='bbox 1147 2533 1244 2597; x_wconf 83' lang='lat' dir='ltr'><strong>voluit</strong></span> <span class='ocrx_word' id='word_1_221' title='bbox 1252 2535 1316 2595; x_wconf 87' lang='lat' dir='ltr'><strong>Da·</strong></span> 
     </span>
     <span class='ocr_line' id='line_1_27' title="bbox 175 2615 1318 2702; baseline 0 -25"><span class='ocrx_word' id='word_1_222' title='bbox 175 2616 234 2692; x_wconf 83' lang='lat' dir='ltr'><strong>vid,</strong></span> <span class='ocrx_word' id='word_1_223' title='bbox 253 2617 279 2678; x_wconf 83' lang='lat' dir='ltr'><strong>si</strong></span> <span class='ocrx_word' id='word_1_224' title='bbox 296 2616 359 2678; x_wconf 84' lang='lat' dir='ltr'><strong>aliis</strong></span> <span class='ocrx_word' id='word_1_225' title='bbox 377 2625 443 2699; x_wconf 86' lang='lat' dir='ltr'><strong>post</strong></span> <span class='ocrx_word' id='word_1_226' title='bbox 462 2638 514 2681; x_wconf 86' lang='lat' dir='ltr'><strong>sua</strong></span> <span class='ocrx_word' id='word_1_227' title='bbox 532 2617 667 2700; x_wconf 68' lang='lat' dir='ltr'><strong>figmenta</strong></span> <span class='ocrx_word' id='word_1_228' title='bbox 684 2619 860 2702; x_wconf 74' lang='lat' dir='ltr'><strong>vagantibus,</strong></span> <span class='ocrx_word' id='word_1_229' title='bbox 878 2619 1004 2682; x_wconf 79' lang='lat' dir='ltr'><strong>delirum</strong></span> <span class='ocrx_word' id='word_1_230' title='bbox 1026 2619 1059 2683; x_wconf 90' lang='lat' dir='ltr'><strong>iu</strong></span> <span class='ocrx_word' id='word_1_231' title='bbox 1076 2615 1140 2680; x_wconf 81' lang='lat' dir='ltr'><strong>eblo</strong></span> <span class='ocrx_word' id='word_1_232' title='bbox 1158 2615 1227 2678; x_wconf 87' lang='lat' dir='ltr'><strong>Deo</strong></span> <span class='ocrx_word' id='word_1_233' title='bbox 1249 2635 1318 2678; x_wconf 84' lang='lat' dir='ltr'><strong>sen·</strong></span> 
     </span>
     <span class='ocr_line' id='line_1_28' title="bbox 178 2697 854 2772; baseline 0.007 -14"><span class='ocrx_word' id='word_1_234' title='bbox 178 2715 228 2758; x_wconf 87' lang='lat' dir='ltr'><strong>sus</strong></span> <span class='ocrx_word' id='word_1_235' title='bbox 246 2703 370 2772; x_wconf 87' lang='lat' dir='ltr'><strong>nostros,</strong></span> <span class='ocrx_word' id='word_1_236' title='bbox 389 2697 445 2759; x_wconf 86' lang='lat' dir='ltr'><strong>alia</strong></span> <span class='ocrx_word' id='word_1_237' title='bbox 463 2717 517 2760; x_wconf 86' lang='lat' dir='ltr'><strong>suo</strong></span> <span class='ocrx_word' id='word_1_238' title='bbox 536 2699 635 2762; x_wconf 84' lang='lat' dir='ltr'><strong>ordino</strong></span> <span class='ocrx_word' id='word_1_239' title='bbox 654 2717 808 2762; x_wconf 74' lang='lat' dir='ltr'><strong>accessura.</strong></span> <span class='ocrx_word' id='word_1_240' title='bbox 849 2715 854 2731; x_wconf 65' lang='lat'>⁸</span> 
     </span>
     <span class='ocr_line' id='line_1_29' title="bbox 256 2773 1318 2860; baseline -0.004 -20"><span class='ocrx_word' id='word_1_241' title='bbox 256 2778 285 2840; x_wconf 83' lang='lat'><strong>5.</strong></span> <span class='ocrx_word' id='word_1_242' title='bbox 305 2779 433 2838; x_wconf 74' lang='lat' dir='ltr'><strong>Devotve</strong></span> <span class='ocrx_word' id='word_1_243' title='bbox 451 2801 540 2860; x_wconf 83' lang='lat' dir='ltr'><strong>super</strong></span> <span class='ocrx_word' id='word_1_244' title='bbox 557 2779 707 2841; x_wconf 80' lang='lat' dir='ltr'><strong>leboeum.</strong></span> <span class='ocrx_word' id='word_1_245' title='bbox 742 2779 854 2840; x_wconf 85' lang='lat' dir='ltr'><strong>Clarius</strong></span> <span class='ocrx_word' id='word_1_246' title='bbox 873 2777 1008 2860; x_wconf 77' lang='lat' dir='ltr'><strong>exprimit</strong></span> <span class='ocrx_word' id='word_1_247' title='bbox 1025 2781 1056 2839; x_wconf 74' lang='lat' dir='ltr'><strong>&#39;ct</strong></span> <span class='ocrx_word' id='word_1_248' title='bbox 1074 2773 1227 2838; x_wconf 77' lang='lat' dir='ltr'><strong>confimat</strong></span> <span class='ocrx_word' id='word_1_249' title='bbox 1247 2795 1318 2858; x_wconf 80' lang='lat' dir='ltr'><strong>pto-</strong></span> 
     </span>
     <span class='ocr_line' id='line_1_30' title="bbox 177 2855 1317 2938; baseline -0.002 -20"><span class='ocrx_word' id='word_1_250' title='bbox 177 2855 286 2918; x_wconf 83' lang='lat' dir='ltr'><strong>ximam</strong></span> <span class='ocrx_word' id='word_1_251' title='bbox 305 2859 481 2931; x_wconf 69' lang='lat' dir='ltr'><strong>senteutiam.</strong></span> <span class='ocrx_word' id='word_1_252' title='bbox 510 2855 551 2919; x_wconf 86' lang='lat' dir='ltr'><strong>Ut</strong></span> <span class='ocrx_word' id='word_1_253' title='bbox 568 2859 644 2920; x_wconf 90' lang='lat' dir='ltr'><strong>enim</strong></span> <span class='ocrx_word' id='word_1_254' title='bbox 663 2858 744 2920; x_wconf 88' lang='lat' dir='ltr'><strong>Deus</strong></span> <span class='ocrx_word' id='word_1_255' title='bbox 762 2866 897 2921; x_wconf 81' lang='lat' dir='ltr'><strong>votorum</strong></span> <span class='ocrx_word' id='word_1_256' title='bbox 914 2877 969 2919; x_wconf 89' lang='lat' dir='ltr'><strong>nos</strong></span> <span class='ocrx_word' id='word_1_257' title='bbox 982 2863 1129 2938; x_wconf 83' lang='lat' dir='ltr'><strong>compotes</strong></span> <span class='ocrx_word' id='word_1_258' title='bbox 1147 2855 1247 2931; x_wconf 54' lang='grc' dir='ltr'><strong>Μή,</strong></span> <span class='ocrx_word' id='word_1_259' title='bbox 1267 2875 1317 2916; x_wconf 84' lang='lat' dir='ltr'><strong>cu·</strong></span> 
     </span>
     <span class='ocr_line' id='line_1_31' title="bbox 177 2933 1319 3020; baseline 0.001 -25"><span class='ocrx_word' id='word_1_260' title='bbox 177 2955 225 2996; x_wconf 82' lang='lat' dir='ltr'><strong>res</strong></span> <span class='ocrx_word' id='word_1_261' title='bbox 244 2941 357 3006; x_wconf 87' lang='lat' dir='ltr'><strong>nostres</strong></span> <span class='ocrx_word' id='word_1_262' title='bbox 381 2956 433 3018; x_wconf 84' lang='lat' dir='ltr'><strong>spe</strong></span> <span class='ocrx_word' id='word_1_263' title='bbox 455 2943 487 3000; x_wconf 87' lang='lat' dir='ltr'><strong>et</strong></span> <span class='ocrx_word' id='word_1_264' title='bbox 504 2938 640 3020; x_wconf 78' lang='lat' dir='ltr'><strong>potientis</strong></span> <span class='ocrx_word' id='word_1_265' title='bbox 662 2940 693 3000; x_wconf 92' lang='lat' dir='ltr'><strong>iu</strong></span> <span class='ocrx_word' id='word_1_266' title='bbox 715 2958 785 3000; x_wconf 88' lang='lat' dir='ltr'><strong>sum</strong></span> <span class='ocrx_word' id='word_1_267' title='bbox 803 2939 942 3000; x_wconf 77' lang='lat' dir='ltr'><strong>conicere</strong></span> <span class='ocrx_word' id='word_1_268' title='bbox 961 2943 1083 3020; x_wconf 77' lang='lat' dir='ltr'><strong>oportet</strong></span> <span class='ocrx_word' id='word_1_269' title='bbox 1122 2933 1225 3015; x_wconf 86' lang='lat' dir='ltr'><strong>ltaque</strong></span> <span class='ocrx_word' id='word_1_270' title='bbox 1246 2933 1319 2996; x_wconf 84' lang='lat' dir='ltr'><strong>trine</strong></span> 
     </span>
     <span class='ocr_line' id='line_1_32' title="bbox 177 3013 1319 3099; baseline -0.004 -20"><span class='ocrx_word' id='word_1_271' title='bbox 177 3015 314 3079; x_wconf 82' lang='lat' dir='ltr'><strong>discimus</strong></span> <span class='ocrx_word' id='word_1_272' title='bbox 333 3015 479 3096; x_wconf 81' lang='lat' dir='ltr'><strong>quemodo</strong></span> <span class='ocrx_word' id='word_1_273' title='bbox 498 3019 572 3079; x_wconf 92' lang='lat' dir='ltr'><strong>inter</strong></span> <span class='ocrx_word' id='word_1_274' title='bbox 590 3017 742 3093; x_wconf 76' lang='lat' dir='ltr'><strong>moledicte,</strong></span> <span class='ocrx_word' id='word_1_275' title='bbox 766 3017 927 3080; x_wconf 79' lang='lat' dir='ltr'><strong>dbcrimine</strong></span> <span class='ocrx_word' id='word_1_276' title='bbox 944 3022 975 3078; x_wconf 88' lang='lat' dir='ltr'><strong>et</strong></span> <span class='ocrx_word' id='word_1_277' title='bbox 993 3013 1243 3099; x_wconf 70' lang='lat' dir='ltr'><strong>perturbationum</strong></span> <span class='ocrx_word' id='word_1_278' title='bbox 1262 3015 1319 3074; x_wconf 80' lang='lat' dir='ltr'><strong>dn·</strong></span> 
     </span>
     <span class='ocr_line' id='line_1_33' title="bbox 178 3093 1318 3234; baseline -0.001 -80"><span class='ocrx_word' id='word_1_279' title='bbox 178 3099 244 3154; x_wconf 86' lang='lat' dir='ltr'><strong>ctus</strong></span> <span class='ocrx_word' id='word_1_280' title='bbox 262 3101 325 3154; x_wconf 84' lang='lat' dir='ltr'><strong>trun</strong></span> <span class='ocrx_word' id='word_1_281' title='bbox 368 3095 375 3112; x_wconf 82' lang='grc'><strong><em>’</em></strong></span> <span class='ocrx_word' id='word_1_282' title='bbox 399 3097 422 3156; x_wconf 87' lang='lat' dir='ltr'><strong>‘s</strong></span> <span class='ocrx_word' id='word_1_283' title='bbox 440 3097 541 3158; x_wconf 88' lang='lat' dir='ltr'><strong>animis</strong></span> <span class='ocrx_word' id='word_1_284' title='bbox 559 3099 648 3159; x_wconf 85' lang='lat' dir='ltr'><strong>simus</strong></span> <span class='ocrx_word' id='word_1_285' title='bbox 665 3095 764 3158; x_wconf 78' lang='lat' dir='ltr'><strong>futuri.</strong></span> <span class='ocrx_word' id='word_1_286' title='bbox 802 3095 872 3158; x_wconf 83' lang='lat' dir='ltr'><strong>Vius</strong></span> <span class='ocrx_word' id='word_1_287' title='bbox 973 3097 1094 3234; x_wconf 55' lang='lat' dir='ltr'><strong>negotiis</strong></span> <span class='ocrx_word' id='word_1_288' title='bbox 1112 3093 1250 3155; x_wconf 78' lang='lat' dir='ltr'><strong>omuibm</strong></span> <span class='ocrx_word' id='word_1_289' title='bbox 1270 3114 1318 3154; x_wconf 85' lang='lat' dir='ltr'><strong>ac·</strong></span> 
     </span>
     <span class='ocr_line' id='line_1_34' title="bbox 924 3174 1319 3254; baseline -0.01 -17"><span class='ocrx_word' id='word_1_290' title='bbox 924 3195 990 3237; x_wconf 88' lang='lat' dir='ltr'><strong>cum</strong></span> <span class='ocrx_word' id='word_1_291' title='bbox 1027 3174 1135 3235; x_wconf 74' lang='lat' dir='ltr'><strong>euoluit</strong></span> <span class='ocrx_word' id='word_1_292' title='bbox 1154 3175 1204 3254; x_wconf 91' lang='lat' dir='ltr'><strong>qni</strong></span> <span class='ocrx_word' id='word_1_293' title='bbox 1223 3175 1319 3234; x_wconf 84' lang='lat' dir='ltr'><strong>aetio-</strong></span> 
     </span>
     <span class='ocr_line' id='line_1_35' title="bbox 178 3255 1321 3338; baseline 0.001 -26"><span class='ocrx_word' id='word_1_294' title='bbox 178 3273 250 3313; x_wconf 88' lang='lat' dir='ltr'><strong>uum</strong></span> <span class='ocrx_word' id='word_1_295' title='bbox 270 3271 386 3314; x_wconf 84' lang='lat' dir='ltr'><strong>suerum</strong></span> <span class='ocrx_word' id='word_1_296' title='bbox 405 3261 540 3334; x_wconf 82' lang='lat' dir='ltr'><strong>eventum</strong></span> <span class='ocrx_word' id='word_1_297' title='bbox 559 3257 622 3317; x_wconf 85' lang='lat' dir='ltr'><strong>cius</strong></span> <span class='ocrx_word' id='word_1_298' title='bbox 641 3255 756 3324; x_wconf 80' lang='lat' dir='ltr'><strong>arbitrio</strong></span> <span class='ocrx_word' id='word_1_299' title='bbox 770 3258 923 3336; x_wconf 76' lang='lat' dir='ltr'><strong>resignans,</strong></span> <span class='ocrx_word' id='word_1_300' title='bbox 942 3262 973 3316; x_wconf 88' lang='lat' dir='ltr'><strong>et</strong></span> <span class='ocrx_word' id='word_1_301' title='bbox 986 3255 1126 3338; x_wconf 77' lang='lat' dir='ltr'><strong>patienter</strong></span> <span class='ocrx_word' id='word_1_302' title='bbox 1142 3259 1321 3334; x_wconf 68' lang='lat' dir='ltr'><strong>exspem</strong></span> 
     </span>
     <span class='ocr_line' id='line_1_36' title="bbox 180 3333 1228 3418; baseline 0.002 -26"><span class='ocrx_word' id='word_1_303' title='bbox 180 3338 332 3414; x_wconf 86' lang='lat' dir='ltr'><strong>utramque</strong></span> <span class='ocrx_word' id='word_1_304' title='bbox 356 3333 514 3410; x_wconf 78' lang='lat' dir='ltr'><strong>fortunam,</strong></span> <span class='ocrx_word' id='word_1_305' title='bbox 538 3355 621 3397; x_wconf 84' lang='lat' dir='ltr'><strong>curas</strong></span> <span class='ocrx_word' id='word_1_306' title='bbox 645 3335 748 3417; x_wconf 85' lang='lat' dir='ltr'><strong>quibus</strong></span> <span class='ocrx_word' id='word_1_307' title='bbox 768 3337 898 3418; x_wconf 79' lang='lat' dir='ltr'><strong>angitur,</strong></span> <span class='ocrx_word' id='word_1_308' title='bbox 922 3341 952 3395; x_wconf 87' lang='lat' dir='ltr'><strong>ct</strong></span> <span class='ocrx_word' id='word_1_309' title='bbox 975 3333 1111 3416; x_wconf 86' lang='lat' dir='ltr'><strong>quioquid</strong></span> <span class='ocrx_word' id='word_1_310' title='bbox 1130 3335 1228 3396; x_wconf 67' lang='lat' dir='ltr'><strong>sucus</strong></span> 
     </span>
     <span class='ocr_line' id='line_1_37' title="bbox 178 3411 1321 3495; baseline 0.003 -24"><span class='ocrx_word' id='word_1_311' title='bbox 178 3411 293 3492; x_wconf 85' lang='lat' dir='ltr'><strong>premit,</strong></span> <span class='ocrx_word' id='word_1_312' title='bbox 311 3413 342 3471; x_wconf 91' lang='lat' dir='ltr'><strong>in</strong></span> <span class='ocrx_word' id='word_1_313' title='bbox 361 3414 423 3474; x_wconf 85' lang='lat' dir='ltr'><strong>eius</strong></span> <span class='ocrx_word' id='word_1_314' title='bbox 441 3415 536 3476; x_wconf 86' lang='lat' dir='ltr'><strong>sinum</strong></span> <span class='ocrx_word' id='word_1_315' title='bbox 553 3422 704 3482; x_wconf 79' lang='lat' dir='ltr'><strong>exonerat:</strong></span> <span class='ocrx_word' id='word_1_316' title='bbox 729 3415 808 3495; x_wconf 89' lang='lat' dir='ltr'><strong>qnod</strong></span> <span class='ocrx_word' id='word_1_317' title='bbox 827 3411 936 3476; x_wconf 80' lang='lat' dir='ltr'><strong>Gallice</strong></span> <span class='ocrx_word' id='word_1_318' title='bbox 959 3414 1089 3488; x_wconf 75' lang='lat' dir='ltr'><strong>dicimus,</strong></span> <span class='ocrx_word' id='word_1_319' title='bbox 1107 3416 1159 3495; x_wconf 77' lang='lat' dir='ltr'><strong>lep</strong></span> <span class='ocrx_word' id='word_1_320' title='bbox 1177 3419 1321 3474; x_wconf 74' lang='lat' dir='ltr'><strong>mettre</strong></span> 
     </span>
     <span class='ocr_line' id='line_1_38' title="bbox 180 3491 1321 3588; baseline 0 -36"><span class='ocrx_word' id='word_1_321' title='bbox 180 3511 226 3552; x_wconf 83' lang='lat' dir='ltr'><strong>ses</strong></span> <span class='ocrx_word' id='word_1_322' title='bbox 245 3493 380 3575; x_wconf 58' lang='lat' dir='ltr'><strong>epitomes.</strong></span> <span class='ocrx_word' id='word_1_323' title='bbox 420 3491 488 3554; x_wconf 90' lang='lat' dir='ltr'><strong>ldeo</strong></span> <span class='ocrx_word' id='word_1_324' title='bbox 506 3513 604 3555; x_wconf 87' lang='lat' dir='ltr'><strong>rursus</strong></span> <span class='ocrx_word' id='word_1_325' title='bbox 623 3496 654 3554; x_wconf 90' lang='lat' dir='ltr'><strong>in</strong></span> <span class='ocrx_word' id='word_1_326' title='bbox 672 3513 738 3555; x_wconf 90' lang='lat' dir='ltr'><strong>eum</strong></span> <span class='ocrx_word' id='word_1_327' title='bbox 758 3513 871 3576; x_wconf 88' lang='lat' dir='ltr'><strong>sperare</strong></span> <span class='ocrx_word' id='word_1_328' title='bbox 884 3493 971 3572; x_wconf 87' lang='lat' dir='ltr'><strong>iubet,</strong></span> <span class='ocrx_word' id='word_1_329' title='bbox 990 3493 1161 3574; x_wconf 76' lang='lat' dir='ltr'><strong>significuus,</strong></span> <span class='ocrx_word' id='word_1_330' title='bbox 1179 3493 1245 3552; x_wconf 83' lang='lat' dir='ltr'><strong>sola</strong></span> <span class='ocrx_word' id='word_1_331' title='bbox 1266 3512 1321 3588; x_wconf 74' lang='lat' dir='ltr'><strong>qis</strong></span> 
     </span>
     <span class='ocr_line' id='line_1_39' title="bbox 179 3569 1320 3652; baseline 0.002 -22"><span class='ocrx_word' id='word_1_332' title='bbox 179 3570 287 3630; x_wconf 88' lang='lat' dir='ltr'><strong>iustum</strong></span> <span class='ocrx_word' id='word_1_333' title='bbox 306 3571 392 3632; x_wconf 86' lang='lat' dir='ltr'><strong>tribui</strong></span> <span class='ocrx_word' id='word_1_334' title='bbox 411 3569 477 3634; x_wconf 88' lang='lat' dir='ltr'><strong>Deo</strong></span> <span class='ocrx_word' id='word_1_335' title='bbox 496 3571 642 3650; x_wconf 87' lang='lat' dir='ltr'><strong>honorem,</strong></span> <span class='ocrx_word' id='word_1_336' title='bbox 662 3581 695 3633; x_wconf 89' lang='lat' dir='ltr'><strong>ut</strong></span> <span class='ocrx_word' id='word_1_337' title='bbox 713 3577 802 3634; x_wconf 82' lang='lat' dir='ltr'><strong>vitam</strong></span> <span class='ocrx_word' id='word_1_338' title='bbox 826 3581 953 3635; x_wconf 89' lang='lat' dir='ltr'><strong>nostram</strong></span> <span class='ocrx_word' id='word_1_339' title='bbox 971 3573 1146 3634; x_wconf 76' lang='lat' dir='ltr'><strong>modereturc</strong></span> <span class='ocrx_word' id='word_1_340' title='bbox 1166 3577 1259 3652; x_wconf 82' lang='lat' dir='ltr'><strong>utque</strong></span> <span class='ocrx_word' id='word_1_341' title='bbox 1277 3579 1320 3632; x_wconf 88' lang='lat' dir='ltr'><strong>rta</strong></span> 
     </span>
     <span class='ocr_line' id='line_1_40' title="bbox 180 3651 1321 3733; baseline 0.003 -24"><span class='ocrx_word' id='word_1_342' title='bbox 180 3651 327 3710; x_wconf 88' lang='lat' dir='ltr'><strong>communi</strong></span> <span class='ocrx_word' id='word_1_343' title='bbox 346 3652 447 3712; x_wconf 85' lang='lat' dir='ltr'><strong>morbo</strong></span> <span class='ocrx_word' id='word_1_344' title='bbox 467 3673 526 3733; x_wconf 88' lang='lat' dir='ltr'><strong>qno</strong></span> <span class='ocrx_word' id='word_1_345' title='bbox 545 3653 604 3714; x_wconf 87' lang='lat' dir='ltr'><strong>lere</strong></span> <span class='ocrx_word' id='word_1_346' title='bbox 623 3671 721 3714; x_wconf 86' lang='lat' dir='ltr'><strong>omnes</strong></span> <span class='ocrx_word' id='word_1_347' title='bbox 740 3653 879 3728; x_wconf 77' lang='lat' dir='ltr'><strong>laborant,</strong></span> <span class='ocrx_word' id='word_1_348' title='bbox 903 3653 1041 3718; x_wconf 80' lang='lat' dir='ltr'><strong>medetur.</strong></span> <span class='ocrx_word' id='word_1_349' title='bbox 1081 3651 1164 3714; x_wconf 90' lang='lat' dir='ltr'><strong>Unda</strong></span> <span class='ocrx_word' id='word_1_350' title='bbox 1183 3653 1266 3714; x_wconf 84' lang='lat' dir='ltr'><strong>eninr</strong></span> <span class='ocrx_word' id='word_1_351' title='bbox 1284 3651 1321 3712; x_wconf 86' lang='lat' dir='ltr'><strong>lit</strong></span> 
     </span>
     <span class='ocr_line' id='line_1_41' title="bbox 179 3728 1321 3814; baseline 0.004 -26"><span class='ocrx_word' id='word_1_352' title='bbox 179 3734 214 3788; x_wconf 88' lang='lat' dir='ltr'><strong>nt</strong></span> <span class='ocrx_word' id='word_1_353' title='bbox 238 3728 367 3810; x_wconf 87' lang='lat' dir='ltr'><strong>reprobis</strong></span> <span class='ocrx_word' id='word_1_354' title='bbox 390 3733 534 3794; x_wconf 85' lang='lat' dir='ltr'><strong>invideant</strong></span> <span class='ocrx_word' id='word_1_355' title='bbox 558 3733 610 3794; x_wconf 89' lang='lat' dir='ltr'><strong>filil</strong></span> <span class='ocrx_word' id='word_1_356' title='bbox 628 3731 697 3808; x_wconf 86' lang='lat' dir='ltr'><strong>Dei,</strong></span> <span class='ocrx_word' id='word_1_357' title='bbox 721 3751 806 3814; x_wconf 87' lang='lat' dir='ltr'><strong>saepe</strong></span> <span class='ocrx_word' id='word_1_358' title='bbox 830 3739 961 3796; x_wconf 75' lang='lat' dir='ltr'><strong>aestuent</strong></span> <span class='ocrx_word' id='word_1_359' title='bbox 985 3739 1035 3794; x_wconf 91' lang='lat' dir='ltr'><strong>aut</strong></span> <span class='ocrx_word' id='word_1_360' title='bbox 1053 3731 1200 3806; x_wconf 74' lang='lat' dir='ltr'><strong>vacillent,</strong></span> <span class='ocrx_word' id='word_1_361' title='bbox 1217 3730 1321 3792; x_wconf 84' lang='lat' dir='ltr'><strong>dolori</strong></span> 
     </span>
     <span class='ocr_line' id='line_1_42' title="bbox 180 3807 1320 3892; baseline 0.004 -24"><span class='ocrx_word' id='word_1_362' title='bbox 180 3807 401 3890; x_wconf 80' lang='lat' dir='ltr'><strong>intemperanter</strong></span> <span class='ocrx_word' id='word_1_363' title='bbox 425 3812 604 3892; x_wconf 82' lang='lat' dir='ltr'><strong>indulgeant,</strong></span> <span class='ocrx_word' id='word_1_364' title='bbox 627 3813 769 3874; x_wconf 86' lang='lat' dir='ltr'><strong>interdum</strong></span> <span class='ocrx_word' id='word_1_365' title='bbox 793 3814 879 3874; x_wconf 83' lang='lat' dir='ltr'><strong>etiam</strong></span> <span class='ocrx_word' id='word_1_366' title='bbox 897 3814 1020 3874; x_wconf 77' lang='lat' dir='ltr'><strong>tremum</strong></span> <span class='ocrx_word' id='word_1_367' title='bbox 1038 3829 1072 3872; x_wconf 86' lang='lat' dir='ltr'><strong>eo</strong></span> <span class='ocrx_word' id='word_1_368' title='bbox 1091 3811 1320 3884; x_wconf 66' lang='lat' dir='ltr'><strong>tumultuatur,</strong></span> 
     </span>
     <span class='ocr_line' id='line_1_43' title="bbox 181 3887 1321 3978; baseline 0.005 -32"><span class='ocrx_word' id='word_1_369' title='bbox 181 3888 236 3946; x_wconf 91' lang='lat' dir='ltr'><strong>nisi</strong></span> <span class='ocrx_word' id='word_1_370' title='bbox 260 3887 337 3968; x_wconf 90' lang='lat' dir='ltr'><strong>qnod</strong></span> <span class='ocrx_word' id='word_1_371' title='bbox 361 3907 393 3949; x_wconf 91' lang='lat' dir='ltr'><strong>se</strong></span> <span class='ocrx_word' id='word_1_372' title='bbox 411 3891 561 3952; x_wconf 87' lang='lat' dir='ltr'><strong>immodice</strong></span> <span class='ocrx_word' id='word_1_373' title='bbox 573 3894 656 3954; x_wconf 83' lang='lat' dir='ltr'><strong>&#39;curis</strong></span> <span class='ocrx_word' id='word_1_374' title='bbox 679 3894 833 3978; x_wconf 79' lang='lat' dir='ltr'><strong>implicent,</strong></span> <span class='ocrx_word' id='word_1_375' title='bbox 857 3901 888 3954; x_wconf 89' lang='lat' dir='ltr'><strong>et</strong></span> <span class='ocrx_word' id='word_1_376' title='bbox 906 3893 960 3953; x_wconf 91' lang='lat' dir='ltr'><strong>sibi</strong></span> <span class='ocrx_word' id='word_1_377' title='bbox 978 3893 1062 3952; x_wconf 73' lang='lat' dir='ltr'><strong>niueis</strong></span> <span class='ocrx_word' id='word_1_378' title='bbox 1080 3891 1185 3974; x_wconf 86' lang='lat' dir='ltr'><strong>cupide</strong></span> <span class='ocrx_word' id='word_1_379' title='bbox 1203 3891 1321 3972; x_wconf 52' lang='lat' dir='ltr'><strong>Qus</strong></span> 
     </span>
     <span class='ocr_line' id='line_1_44' title="bbox 181 3965 1320 4052; baseline 0.004 -26"><span class='ocrx_word' id='word_1_380' title='bbox 181 3965 247 4026; x_wconf 89' lang='lat' dir='ltr'><strong>Deo</strong></span> <span class='ocrx_word' id='word_1_381' title='bbox 272 3969 435 4048; x_wconf 84' lang='lat' dir='ltr'><strong>prospicere</strong></span> <span class='ocrx_word' id='word_1_382' title='bbox 458 3969 601 4046; x_wconf 79' lang='lat' dir='ltr'><strong>uolentes,</strong></span> <span class='ocrx_word' id='word_1_383' title='bbox 631 3975 711 4052; x_wconf 87' lang='lat' dir='ltr'><strong>quasi</strong></span> <span class='ocrx_word' id='word_1_384' title='bbox 735 3973 766 4032; x_wconf 89' lang='lat' dir='ltr'><strong>in</strong></span> <span class='ocrx_word' id='word_1_385' title='bbox 790 3972 926 4052; x_wconf 86' lang='lat' dir='ltr'><strong>abyssum</strong></span> <span class='ocrx_word' id='word_1_386' title='bbox 950 3991 982 4032; x_wconf 89' lang='lat' dir='ltr'><strong>sc</strong></span> <span class='ocrx_word' id='word_1_387' title='bbox 1005 3971 1192 4052; x_wconf 75' lang='lat' dir='ltr'><strong>demergtmt?</strong></span> <span class='ocrx_word' id='word_1_388' title='bbox 1210 3971 1320 4031; x_wconf 75' lang='lat' dir='ltr'><strong>sallem</strong></span> 
     </span>
     <span class='ocr_line' id='line_1_45' title="bbox 181 4048 1318 4132; baseline 0.004 -28"><span class='ocrx_word' id='word_1_389' title='bbox 181 4056 350 4108; x_wconf 80' lang='lat' dir='ltr'><strong>coacervant</strong></span> <span class='ocrx_word' id='word_1_390' title='bbox 374 4048 427 4110; x_wconf 90' lang='lat' dir='ltr'><strong>sibi</strong></span> <span class='ocrx_word' id='word_1_391' title='bbox 447 4069 579 4110; x_wconf 77' lang='lat' dir='ltr'><strong>curarum</strong></span> <span class='ocrx_word' id='word_1_392' title='bbox 602 4051 789 4125; x_wconf 73' lang='lat' dir='ltr'><strong>molem-coi</strong></span> <span class='ocrx_word' id='word_1_393' title='bbox 812 4053 927 4114; x_wconf 85' lang='lat' dir='ltr'><strong>leudem</strong></span> <span class='ocrx_word' id='word_1_394' title='bbox 951 4051 1137 4112; x_wconf 83' lang='lat' dir='ltr'><strong>succumbere</strong></span> <span class='ocrx_word' id='word_1_395' title='bbox 1160 4057 1318 4132; x_wconf 75' lang='lat' dir='ltr'><strong>coguntur.</strong></span> 
     </span>
     <span class='ocr_line' id='line_1_46' title="bbox 180 4121 1321 4212; baseline 0.005 -28"><span class='ocrx_word' id='word_1_396' title='bbox 180 4121 255 4184; x_wconf 88' lang='lat' dir='ltr'><strong>lluic</strong></span> <span class='ocrx_word' id='word_1_397' title='bbox 274 4127 343 4186; x_wconf 89' lang='lat' dir='ltr'><strong>vitio</strong></span> <span class='ocrx_word' id='word_1_398' title='bbox 363 4147 514 4188; x_wconf 85' lang='lat' dir='ltr'><strong>occurrens</strong></span> <span class='ocrx_word' id='word_1_399' title='bbox 533 4127 637 4205; x_wconf 85' lang='lat' dir='ltr'><strong>David,</strong></span> <span class='ocrx_word' id='word_1_400' title='bbox 657 4150 710 4190; x_wconf 88' lang='lat' dir='ltr'><strong>nos</strong></span> <span class='ocrx_word' id='word_1_401' title='bbox 729 4131 871 4206; x_wconf 84' lang='lat' dir='ltr'><strong>admonet,</strong></span> <span class='ocrx_word' id='word_1_402' title='bbox 891 4133 916 4192; x_wconf 90' lang='lat' dir='ltr'><strong>si</strong></span> <span class='ocrx_word' id='word_1_403' title='bbox 936 4131 1070 4192; x_wconf 85' lang='lat' dir='ltr'><strong>volumus</strong></span> <span class='ocrx_word' id='word_1_404' title='bbox 1084 4131 1227 4212; x_wconf 71' lang='lat' dir='ltr'><strong>suscipere</strong></span> <span class='ocrx_word' id='word_1_405' title='bbox 1237 4131 1321 4190; x_wconf 71' lang='lat' dir='ltr'><strong>vitae</strong></span> 
     </span>
     <span class='ocr_line' id='line_1_47' title="bbox 181 4207 1320 4287; baseline 0.008 -25"><span class='ocrx_word' id='word_1_406' title='bbox 181 4211 295 4266; x_wconf 83' lang='lat' dir='ltr'><strong>nostrae</strong></span> <span class='ocrx_word' id='word_1_407' title='bbox 318 4208 453 4286; x_wconf 77' lang='lat' dir='ltr'><strong>regimen,</strong></span> <span class='ocrx_word' id='word_1_408' title='bbox 473 4207 621 4269; x_wconf 87' lang='lat' dir='ltr'><strong>consulere</strong></span> <span class='ocrx_word' id='word_1_409' title='bbox 639 4207 725 4270; x_wconf 84' lang='lat' dir='ltr'><strong>rebus</strong></span> <span class='ocrx_word' id='word_1_410' title='bbox 749 4214 869 4287; x_wconf 83' lang='lat' dir='ltr'><strong>nostr-is,</strong></span> <span class='ocrx_word' id='word_1_411' title='bbox 893 4212 951 4272; x_wconf 85' lang='lat' dir='ltr'><strong>ecsi</strong></span> <span class='ocrx_word' id='word_1_412' title='bbox 974 4229 1102 4272; x_wconf 85' lang='lat' dir='ltr'><strong>essemus</strong></span> <span class='ocrx_word' id='word_1_413' title='bbox 1126 4217 1209 4272; x_wconf 83' lang='lat' dir='ltr'><strong>tento</strong></span> <span class='ocrx_word' id='word_1_414' title='bbox 1233 4209 1320 4271; x_wconf 81' lang='lat' dir='ltr'><strong>oneri</strong></span> 
     </span>
     <span class='ocr_line' id='line_1_48' title="bbox 182 4281 1319 4371; baseline 0.009 -31"><span class='ocrx_word' id='word_1_415' title='bbox 182 4281 312 4360; x_wconf 80' lang='lat' dir='ltr'><strong>serundo,</strong></span> <span class='ocrx_word' id='word_1_416' title='bbox 337 4286 422 4371; x_wconf 79' lang='lat' dir='ltr'><strong>lenge</strong></span> <span class='ocrx_word' id='word_1_417' title='bbox 446 4287 518 4348; x_wconf 82' lang='lat' dir='ltr'><strong>lalli:</strong></span> <span class='ocrx_word' id='word_1_418' title='bbox 542 4289 664 4367; x_wconf 89' lang='lat' dir='ltr'><strong>ideoque</strong></span> <span class='ocrx_word' id='word_1_419' title='bbox 688 4309 778 4350; x_wconf 90' lang='lat' dir='ltr'><strong>uuum</strong></span> <span class='ocrx_word' id='word_1_420' title='bbox 801 4311 863 4350; x_wconf 81' lang='lat' dir='ltr'><strong>csso</strong></span> <span class='ocrx_word' id='word_1_421' title='bbox 880 4291 1055 4366; x_wconf 88' lang='lat' dir='ltr'><strong>remedium,</strong></span> <span class='ocrx_word' id='word_1_422' title='bbox 1074 4297 1108 4352; x_wconf 90' lang='lat' dir='ltr'><strong>ut</strong></span> <span class='ocrx_word' id='word_1_423' title='bbox 1127 4291 1269 4352; x_wconf 84' lang='lat' dir='ltr'><strong>coniectis</strong></span> <span class='ocrx_word' id='word_1_424' title='bbox 1289 4293 1319 4350; x_wconf 90' lang='lat' dir='ltr'><strong>in</strong></span> 
     </span>
     <span class='ocr_line' id='line_1_49' title="bbox 67 4357 1317 4453; baseline 0.009 -33"><span class='ocrx_word' id='word_1_425' title='bbox 67 4393 77 4412; x_wconf 47' lang='grc' dir='ltr'><strong>κ</strong></span> <span class='ocrx_word' id='word_1_426' title='bbox 181 4357 238 4422; x_wconf 90' lang='lat' dir='ltr'><strong>Dei</strong></span> <span class='ocrx_word' id='word_1_427' title='bbox 257 4365 462 4442; x_wconf 81' lang='lat' dir='ltr'><strong>providentiam</strong></span> <span class='ocrx_word' id='word_1_428' title='bbox 482 4367 580 4445; x_wconf 86' lang='lat' dir='ltr'><strong>oculis,</strong></span> <span class='ocrx_word' id='word_1_429' title='bbox 599 4369 664 4430; x_wconf 86' lang='lat' dir='ltr'><strong>inde</strong></span> <span class='ocrx_word' id='word_1_430' title='bbox 683 4371 857 4432; x_wconf 77' lang='lat' dir='ltr'><strong>anxietatum</strong></span> <span class='ocrx_word' id='word_1_431' title='bbox 876 4373 1003 4435; x_wconf 83' lang='lat' dir='ltr'><strong>onmium</strong></span> <span class='ocrx_word' id='word_1_432' title='bbox 1018 4371 1155 4434; x_wconf 76' lang='lat' dir='ltr'><strong>muttum</strong></span> <span class='ocrx_word' id='word_1_433' title='bbox 1173 4376 1317 4453; x_wconf 83' lang='lat' dir='ltr'><strong>petamus.</strong></span> 
     </span>
    </p>
   </div>
   <div class='ocr_carea' id='block_1_9' title="bbox 0 0 1394 4890">
    <p class='ocr_par' dir='ltr' id='par_1_10' title="bbox 0 0 1394 4890">
     <span class='ocr_line' id='line_1_50' title="bbox 0 0 1394 4890; baseline 0 0"><span class='ocrx_word' id='word_1_434' title='bbox 0 0 1394 4890; x_wconf 95' lang='lat' dir='ltr'><strong> </strong></span> 
     </span>
    </p>
   </div>
  </div>
 </body>
</html>
