2854 4886
103 371 109 376 .
170 316 207 374 53
364 317 372 326 ·
596 307 884 352 ncncvrrus
1014 281 1026 312 ⁸

396 387 399 408 .

171 411 263 536 spicit..
304 437 439 500 Continet
458 435 554 514 itaque
573 431 619 492 hic
639 452 740 494 versus
761 431 859 492 utilem
880 429 1048 496 doctrinam.
1073 447 1132 508 que
1152 428 1243 508 magis
1264 447 1313 488 su·

172 538 256 602 prone
275 518 450 596 ignorantiae
468 515 572 574 callum
594 513 646 572 sibi
666 513 745 592 impii
765 511 921 580 obducunt,
941 515 973 568 nt
987 507 1084 568 Deum
1103 528 1150 568 res
1170 507 1315 568 humanas

172 619 231 659 uon
250 617 350 658 curare
369 595 423 656 sibi
443 591 637 688 persuadeant,
657 612 711 652 uec
731 591 869 650 scelernm
891 589 953 647 lore
971 587 1125 646 vindicem:
1149 594 1183 648 ut
1201 607 1255 646 nos
1276 605 1315 646 ce

173 678 263 757 mugit
282 679 312 735 in
332 681 503 736 contrariam
522 679 633 754 partem
653 673 786 730 nitamur.
806 669 867 728 lmo
888 667 970 728 nobis
989 668 1172 728 incitamento
1192 667 1316 730 essede-

173 756 221 818 bet
250 753 365 816 illerum
394 754 538 831 impietas,
568 758 602 810 ut
625 753 729 810 ueniter
755 749 943 810 dubitationes
963 746 1149 826 repellamus,
1178 764 1252 826 ques
1271 744 1318 804 illi

173 855 233 896 non
252 833 339 894 modo
359 833 521 904 admittent,
540 830 590 890 sed
610 831 662 888 sibi
682 830 747 888 date
767 848 853 910 opera
873 827 1021 888 fabricent.
1234 847 1237 852 ·

254 917 304 978 13.
328 917 367 974 Ut
387 913 459 1008 quid
476 919 596 990 speruit
617 907 791 988 Quanquam
809 908 932 968 rationes
945 903 1010 964 Dee
1031 904 1158 984 prolerre
1176 921 1318 984 supervus

175 1013 261 1054 cuum
280 999 332 1066 est,
353 991 541 1072 quibuscum
561 989 795 1069 persuadeamus:
815 985 896 1046 nobis
915 991 1012 1046 tamen
1030 987 1061 1044 in
1076 982 1320 1064 precibnsscenm

174 1073 348 1134 familiariter
372 1078 446 1145 (nou
471 1088 553 1128 secus
579 1087 612 1126 ac
636 1067 713 1126 lilius
738 1074 884 1126 {mserum
929 1071 1019 1124 utrem
1043 1063 1210 1142 alloquitur)
1230 1081 1319 1142 agere

109 1148 115 1172 ¹
157 1158 159 1166 ’
176 1153 322 1235 permittit.
343 1149 416 1210 Nam
436 1169 505 1208 usns
522 1148 659 1286 precandi
678 1166 791 1226 semper
810 1085 952 1208 notandus
972 1149 1028 1204 est:
1049 1149 1084 1202 ut
1101 1142 1211 1202 scilicet·
1233 1141 1320 1202 Deus

155 1233 305 1294 ¹omnium
324 1236 485 1304 uestrorum
506 1247 523 1286 a
545 1234 659 1286 ectuum
680 1228 758 1286 testis
778 1226 828 1285 sit:
854 1243 912 1284 uon
937 1223 1015 1302 qued
1034 1222 1141 1301 alioqui
1162 1223 1256 1301 ipsum
1275 1221 1320 1284 la·

125 1323 130 1330 '
177 1319 265 1382 teant,
286 1310 335 1370 sed
355 1310 431 1388 quie,
451 1307 521 1368 dnm
540 1325 638 1369 cerem
658 1306 720 1386 ipso
737 1304 908 1365 effundimus
924 1303 1127 1370 cordunostre,
1146 1301 1320 1360 tantundem

88 1433 94 1445 ·
177 1391 310 1452 leventur
329 1407 413 1448 curae
433 1393 556 1460 nostrae,
576 1393 604 1446 et
624 1385 750 1466 augescit
769 1371 937 1464 impetrandi
958 1381 1070 1442 lidncia.
1101 1381 1150 1440 Sic
1170 1379 1266 1452 David
1285 1382 1320 1440 in

178 1470 336 1566 praesentia
355 1467 580 1548 sibiprepoucus
592 1485 678 1544 quam
698 1464 852 1542 absurdum
872 1469 901 1522 ct
920 1459 1096 1520 intolerabile
1115 1465 1198 1534 esset,
1218 1458 1321 1525 Deum

177 1564 294 1630 impune
313 1548 409 1628 sperni
429 1545 464 1606 eb
484 1546 587 1624 impiis,
607 1543 706 1604 indes
728 1563 773 1602 em
792 1541 909 1602 remedii
929 1541 1066 1619 concepit.
1098 1539 1176 1600 ldem
1196 1539 1321 1598 verbum

178 1647 256 1689 nunc
276 1627 422 1706 repetitur,
442 1644 500 1704 quo
518 1625 599 1704 ptius
618 1635 687 1684 usus
739 1629 811 1682 eret:
838 1621 916 1702 qued
942 1619 990 1678 alii
1011 1625 1126 1678 vertunt
1145 1617 1319 1690 Premente,

179 1703 445 1786 aliiBlerphemarc.
466 1701 524 1764 Sed
543 1703 600 1775 illa,
621 1721 708 1782 quam
728 1701 859 1782 praetuli,
879 1697 1047 1780 significatio
1066 1697 1142 1756 hand
1164 1695 1244 1756 dubie
1262 1717 1317 1778 ap·

179 1787 236 1846 tior
255 1793 300 1846 est
318 1783 481 1844 contextui:
501 1783 569 1860 quia
588 1779 638 1840 ubi
656 1779 860 1860 Deo¹eripitur
879 1784 1003 1860 potestas
1022 1784 1051 1838 et
1070 1797 1175 1836 munus
1193 1775 1318 1836 iudicau.

180 1865 225 1938 dt,
255 1863 460 1924 contumeliose
489 1881 527 1922 cx
555 1879 609 1920 sue
633 1860 706 1920 solie
727 1859 878 1930 detractus,
899 1859 979 1937 qnasi
999 1857 1028 1914 in
1049 1857 1176 1916 ordinem
1195 1859 1319 1936 cogitur.

180 1943 272 2002 Porro
297 1960 387 2021 quum
412 1959 450 1998 uu
471 1958 502 1998 er
527 1945 700 2018 conquestus
720 1945 809 2010 essct,
828 1938 931 2016 impios
951 1954 1054 2029 negare
1074 1933 1179 2008 Deum,
1199 1937 1245 1994 rel
1264 1933 1320 1993 lin·

137 2068 157 2090 ,,
180 2041 262 2104 gere,
296 2019 425 2098 neglecta
451 1957 599 2076 llominurn
618 2035 702 2092 cura,
731 2023 870 2099 perpetuo
891 2014 1092 2090 dormientem,
1120 2033 1197 2074 nunc
1217 2001 1321 2074 eodem

92 2143 94 2150 ·
124 2137 137 2154 ·
181 2119 267 2162 sensu
285 2098 354 2162 dieit
373 2117 432 2158 nou
451 2097 605 2176 requirere.

196 2243 227 2346 ·’,
271 2267 326 2342 tl.
348 2273 468 2356 Vidisti,
490 2273 640 2363 quoniam
653 2285 687 2341 tn
710 2273 886 2342 molestiam
898 2283 930 2341 et
951 2271 1153 2341 vexationem
1175 2267 1318 2372 conside

182 2403 242 2463 raS,
264 2387 300 2446 ut
321 2401 421 2470 ponas
444 2379 476 2445 in
498 2403 628 2448 manum
650 2391 753 2447 tuam:
775 2403 870 2472 super
891 2389 924 2447 te
941 2379 1095 2470 relinquet
1117 2385 1250 2468 pauper,
1273 2397 1323 2440 or·

143 2513 150 2534 ·
182 2486 289 2576 phano
311 2495 347 2552 tu
370 2483 430 2552 eris
452 2483 583 2554 adiutor.
630 2487 681 2554 15.
703 2473 840 2554 Contere
863 2485 1025 2554 brachium
1047 2481 1188 2552 scelerati
1210 2491 1243 2549 et
1265 2479 1325 2546 im-

183 2591 288 2682 probis
311 2611 443 2680 quaeres
453 2590 646 2682 impietatem
668 2591 746 2676 eius,
769 2615 835 2658 nen
851 2591 1002 2660 invenies.

263 2735 311 2798 14.
336 2735 455 2811 Vidisti,
474 2745 622 2818 questum,
641 2745 693 2798 etc.
733 2735 788 2796 Hic
805 2741 928 2816 ¹repente
952 2733 1048 2796 David
1068 2740 1166 2796 sancto
1190 2733 1324 2800 selenc·

185 2833 300 2889 census,
324 2816 355 2876 in
377 2833 494 2878 menam
513 2815 620 2896 prodit:
641 2815 754 2895 lideque
772 2817 936 2888 instructus,
957 2814 1105 2895 sacrilegas
1125 2813 1188 2874 illas
1208 2813 1323 2894 opinio-

185 2913 236 2955 nes
255 2894 356 2954 aeriter
374 2895 495 2974 repellit,
515 2902 659 2956 caeterum
706 2897 751 2954 nia
772 2894 842 2956 nihil
861 2895 938 2976 apud
958 2895 1087 2954 homines
1107 2891 1246 2974 proficere
1267 2911 1322 2971 po·

184 2979 267 3044 terat,
285 2993 317 3036 se
335 2973 372 3034 ed
391 2972 488 3036 Deum
508 2976 655 3036 convertit.
724 2995 771 3034 am
795 2975 868 3036 sicut
891 2976 970 3054 impii
995 2979 1158 3053 protervum
1178 2972 1323 3032 scelerum

183 3053 326 3114 licentiam
345 3052 398 3113 sibi
417 3053 510 3114 lacere
529 3055 671 3126 retentes,
699 3055 799 3134 procul
819 3074 849 3114 se
869 3074 885 3114 a
905 3053 971 3114 Deo
1001 3053 1177 3124 subducunt,
1206 3059 1235 3109 et
1255 3071 1325 3130 pcr-

132 3205 137 3220 .
185 3151 270 3192 verse
288 3133 391 3194 mentis
410 3151 505 3193 errore
525 3134 578 3194 sibi
596 3134 709 3214 lingunt
727 3133 841 3213 longam
867 3133 1039 3195 distantiam:
1066 3134 1103 3192 itn
1124 3152 1163 3192 ex
1183 3132 1321 3211 opposito

185 3211 283 3272 fideles
302 3213 409 3291 avagis
427 3218 458 3270 et
476 3213 599 3272 erraticis
619 3213 798 3292 opinionibus
817 3233 848 3272 sc
857 3213 988 3292 colligere
1008 3213 1242 3292 operaepretium
1262 3215 1322 3282 cst,

90 3307 97 3320 ·
186 3299 215 3350 et
233 3309 346 3352 sursum
365 3292 466 3350 erectis
486 3292 636 3365 mentibus,
657 3289 752 3351 Deum
772 3294 854 3370 qnasi
873 3298 1051 3372 praesentem
1070 3291 1184 3370 alloqui.
1213 3287 1321 3348 hlei-ite

185 3371 282 3448 itaque
302 3366 411 3443 Dauid,
430 3389 467 3428 ne
487 3369 636 3430 hominum
656 3369 836 3449 blasphemiis
856 3371 1036 3438 succumbat,
1061 3373 1162 3430 mentis
1186 3389 1255 3428 sune
1277 3371 1322 3426 iu-

94 3523 108 3534 .
184 3449 288 3510 tultum
307 3449 343 3508 ab
363 3447 524 3510 hominibus
543 3452 653 3510 avertit.
672 3449 796 3511 Additur
815 3451 889 3510 ratio
913 3449 950 3510 ad
970 3449 1213 3511 confirmationem
1234 3449 1320 3506 liuius

185 3529 349 3601 sentcntiae,
368 3527 705 3608 qniaDeusmolcstiam
725 3537 754 3589 et
768 3531 948 3590 vexationem
968 3530 1134 3592 consideret.
1158 3525 1232 3588 Nem
1252 3527 1322 3605 quia

84 3661 87 3666 .
185 3609 313 3666 omnium
332 3607 497 3678 iniuriarum
518 3609 641 3688 cognitio
662 3607 716 3668 Dei
738 3607 853 3689 propria
873 3617 931 3680 est,
958 3607 1051 3668 lluvid
1079 3608 1140 3666 ficri
1161 3628 1217 3666 nen
1237 3623 1323 3687 posse

185 3686 307 3765 colligit,
336 3694 369 3766 ut
386 3689 486 3766 impiis
505 3707 557 3768 per
575 3689 617 3746 fas
637 3695 665 3748 et
684 3689 764 3748 ucles
784 3689 984 3768 grassantibus,
1006 3690 1152 3748 caecutiat.
1193 3687 1289 3746 Porro·
1303 3704 1324 3744 u

184 3785 288 3846 genere
307 3765 344 3826 ed
363 3767 485 3906 slqeeiem
505 3767 551 3826 vel
571 3766 753 3846 hypothesim
773 3769 931 3828 descendit:
958 3769 1035 3846 qnod
1056 3759 1325 3848 diligenter'notan-

189 3846 260 3904 dnm
280 3852 331 3904 cst.
400 3846 448 3904 ihil
468 3847 544 3912 unm
563 3847 672 3906 lucilius
693 3859 778 3928 quam
803 3849 968 3928 generaliter
997 3847 1097 3920 lateri,
1127 3847 1266 3906 muudum
1294 3851 1329 3904 ct

187 3943 233 3984 ms
256 3924 394 3998 burnanus
418 3923 484 3984 Deo
509 3945 570 3986 esse
596 3946 691 3986 curae:
718 3928 768 3986 sed
789 3927 861 3989 lianc
881 3928 1037 3988 doctrinam
1057 3933 1154 4006 aptare
1173 3927 1208 3986 ad
1230 3925 1328 4004 qnoti-

187 4003 286 4062 dianos
308 4025 392 4078 usus,
419 4005 623 4068 dillicillimum.
646 4005 691 4066 ,Εἰ
715 4014 810 4066 taurcu
832 4007 914 4086 friget
939 4006 1072 4084 quicquid
1094 4006 1129 4065 de
1149 4009 1276 4086 potentie
1296 4013 1329 4064 et

109 4142 116 4150 ,
187 4083 293 4146 iustitia
314 4083 369 4142 Dei
395 4083 543 4164 Scriptura
568 4086 724 4164 praedicat,
749 4087 802 4146 uisi
829 4089 947 4166 quisque
972 4085 1038 4158 sibi,
1062 4079 1149 4166 puniit
1173 4086 1329 4146 necessitas

187 4163 300 4236 tulerit,
324 4161 382 4222 boc
406 4165 499 4242 ipsum
524 4166 726 4228 accommodet.
767 4163 917 4238 Discamos
936 4167 1031 4244 itaque
1051 4163 1184 4246 exemplo
1204 4163 1330 4226 Danielis

186 4242 361 4318 ratiocinari,
386 4263 475 4322 quum
499 4239 556 4302 Dei
581 4246 617 4304 sit
642 4252 742 4306 uetare
766 4245 902 4324 quicquid
925 4265 1019 4306 noxae
1043 4245 1163 4306 insertur
1193 4243 1276 4307 bonis
1297 4250 1329 4320 pt

184 4321 372 4400 simplicibus,
402 4319 437 4380 ab
468 4341 503 4382 eo
524 4325 697 4384 considerari
720 4323 863 4384 molestius
890 4331 999 4405 nestros
1019 4331 1048 4386 et
1068 4325 1195 4397 dolores,
1226 4324 1328 4384 ctiam·

183 4398 252 4460 dnm
272 4401 307 4461 ud
327 4406 440 4481 tempus
460 4403 602 4464 couniret.
642 4403 728 4466 uteie
748 4405 842 4480 etiam,
874 4403 969 4466 Deum
993 4425 1052 4464 neu
1082 4406 1174 4466 otiosa
1195 4405 1326 4486 speculu-
