2818 4886
174 265 229 326 124
441 255 448 268 “
596 263 882 310 ennarrans

169 391 298 457 evanida
323 392 420 473 aliquo
443 397 509 452 actu
534 389 684 472 pluuntur,
714 388 765 450 sed
789 387 826 450 de
849 386 932 450 firma
955 387 1175 466 pomer.
1216 384 1308 464 Quod

177 481 273 535 antem
285 473 370 554 'prius
390 471 537 544 admonui,
557 471 624 550 quia
643 471 746 530 iniuste
770 487 802 528 ee
821 466 917 528 David
942 466 1069 532 damnari
1086 466 1125 528 ab
1144 465 1309 528 homiuibus

177 555 301 624 videbat,
320 551 415 610 Deum
435 551 488 610 sibi
507 550 581 610 ierne
599 549 735 621 indicem,
755 546 829 608 hinc.
841 547 945 608 clarius
964 553 1058 627 patet,
1078 565 1169 626 quum
1189 545 1258 606 dicit
1276 565 1309 607 se

177 633 265 694 fnisse
284 633 423 710 integrum
443 649 509 690 cum
528 649 572 690 eo.
590 627 661 690 ‘Sic
680 627 795 768 quidem
815 627 851 688 de
864 625 978 686 Sanctis
991 626 1144 706 aliqnando
1157 624 1309 706 Scriptura

176 713 313 792 loquitor,
332 718 432 770 utens
452 709 487 768 ab
507 708 663 790 hypocritis
702 709 838 782 iecerunt,
863 705 967 786 quibus
992 707 1060 766 satis
1086 712 1131 766 est
1156 711 1308 768 salernem

66 795 69 804 '
178 790 354 852 ceremoniae
378 790 487 849 larvam
506 787 661 869 praeferrer
685 786 736 848 sed
754 786 811 848 hoc
829 786 895 846 loon
916 783 1012 846 David
1030 785 1067 846 ad
1085 784 1251 848 refutandos
1270 785 1309 846 si-

176 873 282 932 nistros
301 887 430 930 rumores
448 887 547 928 secure
566 866 663 926 Deum
682 867 815 946 eppdbt.
845 864 935 944 Quod
953 865 1039 926 etiam
1058 861 1209 927 mabrmat
1225 883 1307 946 repe
1397 893 1398 908 .

167 939 240 1010 'atrio
260 966 334 1028 qnae
353 947 439 1030 paulo
458 953 523 1028 post
542 947 681 1026 seqnitur,
704 947 871 1008 &udum
894 946 1066 1006 rnnoffle'em
1090 967 1233 1006 menum
1256 967 1305 1006 co·

176 1051 243 1090 snm
263 1030 357 1088 cende
374 1037 453 1090 desa
471 1027 501 1086 in
521 1027 624 1106 quibus
642 1023 739 1086 verbis
756 1045 815 1102 non
834 1025 955 1086 obscura
973 1023 1120 1086 antithesis
1128 1030 1253 1105 'apparet
1266 1025 1308 1082 in-

177 1103 229 1192 tdrx
242 1105 302 1166 Dei
319 1108 418 1191 oeulop
441 1113 472 1167 et
491 1105 642 1166 confusum
662 1103 709 1166 vel
728 1103 884 1185 malignum
903 1103 1002 1166 muudi
1021 1104 1169 1166 iutuitrnns
1190 1104 1248 1164 arsi
1267 1103 1309 1162 di-
1384 1128 1388 1140 ·

177 1193 255 1249 caret
277 1205 309 1246 se
331 1189 443 1266 iniquas
461 1185 617 1246 mlumnies
636 1184 707 1244 nihil
726 1185 846 1258 morari,
871 1183 958 1244 modo
978 1202 1077 1246 eoram
1096 1181 1160 1244 Deo
1179 1183 1216 1244 sit
1235 1183 1308 1244 iute-

234 1269 342 1336 ,cuius
361 1266 496 1326 iudicium
515 1265 587 1324 nulli
607 1260 730 1344 'maligui
752 1271 782 1324 et
805 1265 980 1344 praeposteri
998 1264 1116 1324 allectus
1130 1269 1308 1340 pervertunt.

176 1285 268 1407 ffirrc
292 1347 437 1426 integritas
461 1363 549 1428 qnpm
567 1343 620 1404 sibi
639 1346 753 1418 asserii,
777 1361 836 1406 nen
856 1341 992 1424 perfectio
1012 1349 1070 1416 est,
1093 1343 1143 1407 sed
1162 1341 1308 1404 sinceritas

177 1444 252 1507 quea
276 1425 448 1486 simulationi
474 1425 643 1505 opponitur.
668 1424 747 1504 quud
766 1425 857 1483 etiam
871 1442 921 1484 ex
939 1423 1073 1503 proximo
1091 1421 1220 1483 membro
1238 1421 1308 1482 lieet

176 1505 324 1583 colligere,
345 1505 393 1566 nbi
412 1503 494 1577 dicit,
516 1505 667 1566 cwodsos
684 1527 729 1564 eree
753 1505 796 1576 ndi
814 1511 970 1586 iniqnttnte
993 1525 1067 1564 men.
1106 1499 1204 1561 Tacite
1229 1502 1308 1562 enim

176 1585 283 1646 latetur
306 1604 338 1644 se
362 1603 421 1644 non
444 1585 484 1644 ite
507 1601 525 1642 a
548 1584 656 1644 vitiosis
680 1582 828 1646 affectibus
852 1601 956 1663 purum
980 1581 1068 1643 fuisse
1090 1585 1122 1641 et
1140 1581 1305 1654 immunem,

177 1666 247 1744 quin
272 1682 356 1744 saepe
380 1662 505 1722 hostium
529 1662 696 1742 improbitas
715 1682 783 1724 enm
802 1669 949 1742 pungeret.
989 1661 1157 1724 lntestinnm
1176 1661 1304 1739 igiturei

39 1735 42 1752 '
176 1743 282 1803 bellurn
302 1743 357 1804 luit
376 1761 441 1802 cum
461 1741 558 1802 multis
578 1741 796 1804 tentationibusr
815 1743 883 1821 qnia
903 1741 1058 1816 (utbcmo
1078 1743 1152 1814 erat)
1171 1737 1232 1800 lieri
1244 1759 1303 1802 non

174 1824 270 1902 potnit
289 1823 357 1902 quin
377 1822 481 1882 multas
500 1822 591 1882 carnis
611 1823 780 1902 punctiones
799 1823 925 1884 sentiret
955 1820 1013 1882 Sed
1032 1819 1102 1880 haec
1121 1819 1176 1888 luit
1194 1820 1304 1880 virtutis

100 1903 108 1920 ⁸
176 1904 237 1962 eius
256 1902 397 1983 probatio.
416 1919 533 1960 menum
551 1900 605 1960 sibi
623 1902 747 1976 iniicere,
767 1907 797 1962 et
816 1901 950 1981 quicquid
965 1900 1071 1960 sciebat
1084 1899 1173 1961 verbo
1187 1897 1243 1960 Dei
1256 1899 1305 1960 ad·

175 2001 306 2055 versum,
332 1979 477 2056 cohibere,
500 1999 595 2059 neque
619 1981 696 2040 enim
721 1983 873 2062 quisquam
896 1983 927 2042 in
952 1982 1063 2062 pietatis
1086 1979 1182 2042 sudio
1199 1985 1307 2060 perget,

174 2063 230 2122 nisi
249 2064 298 2142 qui
317 2060 416 2123 sedulo
434 2079 465 2120 se
484 2059 625 2122 erastodiet
643 2059 680 2146 ab
699 2062 847 2142 iniquitate
866 2079 927 2122 sue.
1174 2057 1180 2064 “

263 2226 316 2293 96.
339 2224 422 2291 Cum
449 2236 616 2294 mansueto
643 2235 807 2295 mansuete
828 2241 1008 2317 agennum
1030 2223 1242 2317 viro'integro
1264 2224 1308 2292 in

174 2341 298 2423 tegrum
319 2341 351 2399 te
367 2331 546 2422 praestabis.
591 2333 645 2399 27.
669 2332 752 2399 Cum
774 2355 855 2429 puro
877 2352 976 2424 purus
1000 2331 1070 2416 eris,
1092 2341 1123 2398 et
1144 2355 1218 2398 eum
1241 2353 1307 2422 per·

173 2461 267 2510 verso
290 2461 435 2528 perverse
458 2462 540 2530 ages.
585 2439 638 2506 28.
662 2437 742 2528 Quia
765 2449 802 2506 tu
822 2429 1137 2538 populumaiiiietum
1158 2437 1307 2522 servabis,
1399 2458 1400 2512 l

175 2553 208 2612 et
228 2543 338 2613 oculos
359 2543 513 2635 superbos
535 2543 669 2612 delicies.
1399 2527 1400 2542 ¹

122 2687 128 2710 ¹
253 2692 301 2752 26.
324 2693 398 2750 Orsen
415 2699 567 2752 mouendo
587 2700 639 2752 etc.
678 2689 807 2751 Eandem
832 2691 999 2754 sententiam
1018 2692 1209 2771 prosequitur.
1249 2689 1306 2752 Dei

41 2837 44 2846 ,
174 2769 252 2830 enim
271 2770 399 2849 gratiam,
415 2790 477 2850 qua
495 2770 631 2832 liberatus
650 2770 756 2830 luunt:
775 2791 844 2831 snae
854 2772 1021 2850 integritatis
1030 2777 1133 2830 testem
1151 2769 1306 2846 adducens,

175 2847 212 2910 de
231 2849 322 2910 caecis
340 2849 635 2930 etindignishostinm
648 2851 794 2910 calumniis
807 2851 983 2932 triumphum
992 2852 1058 2930 agit.
1078 2848 1181 2912 Fateor
1189 2851 1307 2930 quidem

174 2921 398 3009 lrocliypocritis
408 2949 524 3010 qnoque
533 2931 650 2990 solenne
660 2949 732 3006 esse,
746 2931 875 3012 prosperi
893 2931 970 2991 enim
989 2949 1135 2990 successus
1149 2949 1198 2990 eos
1213 2932 1253 2990 ita
1267 2929 1308 2990 ei-

174 3007 270 3068 lernnt
283 3015 317 3068 ut
325 3029 383 3068 non
394 3009 480 3070 modo
495 3017 593 3072 conba
604 3008 901 3082 bomincssedeontra
907 3007 1003 3070 Deum
1016 3009 1305 3100 &really-exsultent.

174 3086 233 3148 Sed
245 3107 335 3167 qaum
349 3089 389 3148 illi
403 3087 571 3168 Deopalam
580 3090 709 3163 illudant,
719 3089 767 3148 ubi
777 3109 827 3150 eos
837 3104 888 3150 sna
898 3089 1047 3150 tolerantia
1057 3089 1093 3148 ad
1104 3091 1306 3168 poenitentiam

174 3169 285 3238 invitat,
304 3167 343 3226 im
363 3167 450 3228 robae
469 3189 570 3228 eorum
590 3168 776 3228 confidentiae
795 3169 866 3230 nihil
885 3167 971 3228 affine
990 3167 1076 3234 hebet
1095 3167 1167 3236 baeu
1183 3167 1306 3228 Davidis

173 3245 313 3328 gloriatio.
343 3189 453 3326 itaque
471 3248 548 3310 enim
567 3265 605 3306 ex
623 3245 681 3311 Dei
699 3247 873 3327 indulgentie
891 3247 990 3310 iocum
1008 3247 1121 3309 induxit
1139 3249 1198 3308 suis
1218 3247 1306 3312 scele-

173 3325 261 3398 ribus,
280 3324 331 3384 sed
350 3331 394 3386 tot
412 3325 527 3401 auxilie,
569 3325 652 3388 uibus
671 3333 749 3388 certo
768 3334 904 3407 expertus
923 3327 1047 3388 eratsibi
1067 3328 1223 3407 propitium
1243 3347 1307 3388 esse

173 3402 279 3476 Deum,
304 3423 358 3482 pro
377 3403 533 3467 illustribus
548 3346 657 3466 deveris
682 3408 743 3467 eins
763 3407 939 3468 documentis
957 3409 1019 3466 iure
1038 3409 1167 3486 sumpsit.
1207 3409 1307 3487 Atque

174 3483 231 3544 boc
254 3483 405 3542 discrimen
419 3483 584 3546 ‚tenendum
605 3492 665 3559 est,
690 3487 768 3565 quod
787 3487 867 3567 impii
885 3485 970 3546 rebus
989 3487 1132 3566 prosperis
1151 3487 1232 3561 ebrii,
1251 3489 1305 3548 im·

173 3562 313 3643 pudenter
331 3564 436 3624 ianuar
455 3583 487 3626 se
505 3563 570 3624 Deo
610 3563 716 3627 beers:
735 3585 802 3626 cum
820 3573 916 3626 tamen
936 3563 1001 3628 Dee
1019 3564 1193 3644 postlralrito,
1211 3567 1305 3628 fortn-

66 3651 70 3659 '
173 3642 342 3724 enepotius
361 3642 532 3706 sacrificent:
555 3643 576 3704 ii
596 3644 769 3712 elcssutem
793 3664 830 3704 ex
848 3645 982 3706 murrone
1001 3645 1190 3706 eonscientiae
1208 3656 1319 3720 seusu.

174 3719 233 3786 Dei
259 3722 380 3800 grabam
408 3724 573 3803 praedicant
597 3725 632 3819 ‘iu
660 3722 747 3786 rebus
772 3725 923 3819 prosperis.
947 3723 1004 3818 ‘lla
1032 3721 1088 3818 troc
1115 3724 1182 3785 loeo
1206 3723 1307 3796 David

211 3806 296 3895 epten
314 3820 416 3862 causae
435 3821 503 3866 suae
522 3809 693 3882 aeqmtatem
708 3801 895 3866 seDivrmtus
914 3801 1002 3863 fursee
1011 3801 1138 3864 ndrutnm
1156 3805 1307 3885 gloriabar.

195 3821 210 3858 Γ

174 3821 1214 3964 Bumoenimadcontextumaccommodamdscsthaecsentcntia‚quod
1222 3883 1308 3944 Dens

174 3957 320 4023 bominem
343 3962 492 4022 innoxium
515 3962 599 4022 toties
623 3982 641 4022 a
665 3965 811 4043 praesenti
828 3967 921 4024 morte
944 3963 1079 4043 eripiens,
1099 3961 1255 4042 benignum
1273 3983 1307 4024 se

174 4057 243 4119 erga
261 4037 407 4119 benignos,
427 4048 457 4100 et
474 4061 578 4121 purum
597 4060 666 4120 erga
684 4045 884 4123 puroareipsa
894 4041 1063 4123 probaverit.
1093 4040 1206 4104 Deinde
1225 4063 1308 4104 cnm·

39 4184 42 4192 ,
174 4137 291 4178 munem
310 4119 469 4185 doctrim
492 4119 594 4180 eiicere
617 4123 764 4196 marcuit,
791 4121 888 4182 Deum
912 4141 1058 4202 nunquam
1090 4122 1219 4194 frustrari
1244 4142 1307 4184 ser·

173 4215 228 4258 vos
247 4217 323 4274 sues,
343 4199 413 4278 qnia
432 4197 551 4278 benigue
570 4217 620 4260 eos
638 4207 750 4276 tractet,
769 4201 793 4260 si
812 4201 1117 4262 modoeiusauxilium
1137 4221 1205 4264 cnm
1224 4221 1307 4264 man-

175 4277 374 4350 suetudine&
393 4277 526 4356 patientia
547 4285 722 4358 exspectent.
760 4277 809 4339 Sic
833 4279 945 4340 dicebat
966 4279 1067 4356 laceb,
1091 4279 1167 4347 Gen.
1183 4285 1234 4359 30,
1253 4285 1307 4346 33.

174 4352 400 4419 momiano
423 4356 460 4420 nd
483 4377 529 4418 ure
549 4355 628 4418 Deus
643 4359 781 4424 iustitiam
804 4377 907 4423 meam.
931 4357 1009 4426 Finis
1028 4359 1309 4444 reuertentem
