2748 4890
387 279 779 328 orestemxxxvm.
1094 281 1147 338 ³01
1248 325 1249 330 η

12 413 69 474 red
85 427 171 472 verne
327 407 440 488 pietetio
459 408 571 488 signnm
590 411 644 466 ert.
685 402 759 464 Nem
775 397 835 484 'qni'
852 403 976 486 pendent
994 423 1011 464 e
1028 405 1147 480 *munim
1276 441 1282 466 t

12 502 40 552 et
71 498 180 553 tentum
224 488 352 548 ominum
375 494 506 568 mepeotu
530 493 666 568 aguntur,
690 486 714 544 ei
732 486 854 547 iniuiien
878 501 943 544 mee
967 485 1063 546 uleieei
1088 507 1149 546 non

12 578 165 644 notorum,
188 565 384 642 uooiiereudo,
414 572 520 647 quente
549 566 715 646 intemperie
738 565 849 624 servent
874 567 1002 644 ipson-nm
1026 566 1148 640 enimoe,

12 643 196 728 intendent,
212 645 293 727 Ergo
316 653 348 706 nt
372 649 437 728 qoie
459 646 570 726 plneide
598 652 628 704 et
650 645 711 703 eine
739 645 865 704 tumulto
889 645 1073 723 petulantiam
1097 645 1147 705 he-

12 734 114 804 ttinm,
130 731 251 788 inimtoe
268 729 403 806 impetos,
421 726 577 798 odomotne
596 731 625 784 et
645 723 757 782 innodes
783 723 920 804 perierat,
945 743 1012 783 eom
1032 743 1148 786 neeesse

12 818 57 872 eet
79 813 110 872 in
128 807 224 870 Deum
243 805 418 868 recumbere.
459 804 595 865 Ceterum
622 805 750 884 qnisquie
770 805 810 862 ite
827 809 948 878 etetnet,
972 801 1068 864 Deum
1086 823 1149 866 esee

12 910 102 950 tuum
120 887 269 959 vindieem,
288 903 370 964 opem
389 901 472 944 eoem
491 886 521 944 in
539 884 650 942 eiieniio
670 881 786 952 fovebit,
806 883 923 962 eiusque
943 901 1028 964 opem
1047 885 1149 966 impio·

12 989 94 1042 nne,
116 971 277 1050 compescet
300 983 369 1024 eune
387 965 513 1024 anenno.
552 959 1150 1036 ideoPenlueRom.19‚1ii.·eoneinne
1262 1031 1265 1040 ,

12 1051 88 1110 iiuit
103 1055 171 1108 tune
190 1046 252 1104 deri
270 1045 367 1106 looom
386 1045 457 1118 iree,
473 1044 528 1104 nbi·
541 1038 639 1102 eorem
659 1041 766 1101 mundo
777 1044 914 1122 oppreeei,
943 1045 1158 1123 nequieneimue¹

12 1147 112 1188 nmen
130 1123 249 1186 ian:
268 1125 352 1184 eienti
369 1141 484 1184 rursum
508 1121 637 1202 quinquie
656 1121 866 1217 sreubm‘lexet
884 1123 943 1218 eois
962 1123 1151 1203 pernionibus,
1232 1153 1234 1158 ·

12 1203 265 1348 {fictitii
283 1201 476 1366 idm,
487 1201 650 1354 ”iffi
669 1202 1149 1364 t‘tttetttttdttptt:

12 1377 79 1428 tum
97 1366 137 1426 ud
156 1381 239 1424 eoem
257 1363 448 1424 innoeentiem
466 1361 710 1422 tuendeminieeee
729 1359 781 1420 ned
800 1360 970 1439 qnomnibil
989 1361 1150 1442 proficeret,
1244 1406 1246 1412 .

12 1451 73 1506 imo
92 1465 185 1526 quum
204 1441 315 1504 videret
333 1441 446 1502 excludi
466 1461 497 1501 ee
516 1459 551 1500 no
564 1439 708 1538 prohiberi
727 1441 806 1500 omni
819 1443 985 1519 patrocinio,
1005 1461 1036 1501 se
1056 1444 1086 1502 in
1103 1447 1150 1502 io-

12 1527 137 1586 iernntin
160 1523 314 1594 continuit,
339 1521 490 1582 coelestem
513 1520 635 1580 iudicem
658 1526 836 1600 exsperturus.
876 1517 953 1600 Ergo
978 1539 1009 1580 ee
1027 1523 1150 1601 'perinde

12 1608 141 1666 tenuiore
157 1603 227 1664 dieit
245 1603 303 1662 ensi
321 1602 379 1662 iem
397 1602 545 1662 eonviotue
570 1599 786 1660 obmutesceret.
825 1597 883 1659 Est·
896 1607 992 1660 entem
1011 1619 1150 1682 perquem

12 1685 142 1758 difficile,
160 1682 209 1746 obi
229 1681 407 1742 reetenobie
426 1699 525 1740 eumne
544 1680 659 1752 eoneoii,
679 1680 819 1759 patienter
842 1685 872 1738 et
890 1680 987 1738 elenen
1007 1701 1057 1740 ore
1076 1681 1152 1741 ieme

12 1768 150 1823 ininetem
174 1761 394 1836 damnationem,
418 1761 477 1822 eeei
497 1777 554 1820 noe
578 1757 732 1820 deficerent
751 1775 849 1818 numer
868 1760 1002 1835 retionee,
1025 1767 1054 1821 et
1074 1762 1152 1822 notin

12 1844 130 1904 residue
146 1848 223 1902 emet
240 1843 395 1902 eremetio.
643 1863 645 1873 ¹
982 1866 986 1876 v
1027 1861 1031 1872 ¹
1153 1856 1160 1878 ‘

111 2041 160 2109 10.
183 2041 266 2130 Quia
288 2041 328 2108 nd
349 2015 381 2110 te
402 2038 519 2108 lebove
542 1987 765 2132 exspectetur
785 2039 990 2132 respondebis
1011 2039 1153 2110 Domine

13 2150 107 2216 Deos
130 2148 189 2216 uni:
236 2147 287 2234 17.
310 2147 391 2233 Quin
413 2147 487 2228 dini,
507 2145 558 2216 Ne
580 2147 661 2214 iorte
682 2146 837 2243 laetentur
858 2146 898 2214 de
919 2171 987 2230 me,
1007 2148 1041 2212 in
1062 2147 1154 2238 inpsn

13 2256 105 2346 pedis
127 2254 195 2321 mei
216 2253 384 2320 edvereom
405 2275 458 2320 nne
480 2251 716 2322 oeextdlernnt.
751 2253 801 2320 18.
814 2249 908 2350 Certe
929 2276 988 2343 ego
1011 2253 1051 2320 ed
1073 2252 1165 2322 elau!

16 2363 207 2428 dicationem
230 2370 356 2450 penetus
378 2382 460 2442 sum,
482 2370 515 2428 et
533 2347 736 2430 'dolormeus
751 2381 858 2426 cotem
871 2382 924 2426 me
946 2369 995 2428 est
1016 2379 1153 2450 semper.
1269 2399 1272 2410 ·

18 2469 66 2534 19.
90 2465 416 2556 Certe-iniquitatem
441 2489 546 2533 meam
575 2449 742 2546 ennuntio',
770 2487 947 2554 expnveeeo
978 2490 997 2531 e
1023 2476 1154 2556 pecceto

16 2597 97 2640 nien.
132 2573 190 2637 20.
210 2570 332 2641 inimici
355 2581 460 2640 eutem
484 2572 547 2639 mei
568 2571 765 2653 roborentur,
787 2581 820 2637 et
841 2570 1155 2670 magnificantnrdqni
1187 2553 1194 2572 ⁸
1245 2579 1247 2582 ’

16 2681 90 2746 mihi
119 2661 291 2746 adversarii
324 2687 399 2746 erint
424 2677 548 2747 iniuste.
599 2677 653 2743 21.
678 2671 722 2744 Et
748 2673 804 2766 qui
830 2677 1007 2767 rependunt
1032 2677 1155 2750 malum
1280 2678 1282 2687 ’

17 2811 73 2876 pro
85 2783 307 2866 beneficentio,
317 2783 522 2852 adversanmr
532 2782 678 2866 mihieo
688 2783 775 2874 quod
786 2793 939 2874 sequutus
951 2784 1012 2850 eim
1022 2784 1163 2851 bonnm.-

92 2959 146 3024 16.
169 2963 250 3032 spero
270 2957 311 3016 ed
329 2964 358 3016 te
376 2957 495 3016 Ietoeo.
535 2949 590 3014 Hie
608 2953 716 3014 iontem
736 2955 888 3034 petientiee
908 2954 1081 3016 demonstret
1095 2956 1161 3018 De-¹

17 3037 70 3110 vid,
91 3036 176 3116 qnod
202 3036 309 3096 eeiiicot
329 3033 384 3094 Dei
404 3038 493 3114 gretie
517 3033 652 3105 condono,
677 3051 775 3094 omnes
799 3020 897 3094 mundi
917 3037 1087 3100 tentationes
1107 3059 1155 3098 en·

18 3119 137 3195 pererit.
179 3114 220 3175 Et
236 3121 314 3175 nette
332 3131 479 3193 nunquam
499 3114 536 3174 ed
550 3113 694 3173 ienitntem
704 3115 878 3194 eompoeitue
891 3115 1076 3176 erithominie
1096 3120 1161 3176 eni··
1245 3171 1249 3182 ,

19 3217 86 3268 nm,
111 3213 214 3274 neque
237 3196 323 3258 etiem
347 3201 448 3255 motnn
467 3212 535 3252 snos
554 3191 683 3265 frenabit,
708 3193 799 3252 donee
816 3195 847 3252 in
867 3196 927 3273 spei
946 3198 1068 3258 emtione
1087 3201 1156 3257 resi·

19 3275 80 3336 dere
99 3275 244 3334 didicerit.
284 3273 378 3334 Simul
396 3275 481 3332 etiem
501 3271 584 3335 addit·
597 3291 629 3331 ee
647 3273 759 3332 eeeidoe
774 3273 955 3334 nieditntione
974 3283 1055 3356 opem
1074 3295 1157 3338 ouem

21 3357 120 3415 ainieee
141 3373 183 3414 ne
201 3351 345 3414 deiieomt.
383 3352 481 3431 Atque
500 3352 571 3412 been
589 3353 673 3410 nniee
691 3359 736 3411 eet
745 3355 943 3431 perreverendi
962 3357 1045 3430 ratio,
1065 3375 1157 3436 qinom
1181 3352 1183 3360 ’

23 3431 73 3494 Dei
93 3433 334 3514 promissionibus
353 3433 492 3506 inenneti,
512 3449 578 3490 eum
598 3431 821 3511 interpellemus.
849 3432 911 3492 lrno
929 3433 1016 3494 iidem
1036 3437 1105 3511 eins,
1123 3445 1158 3498 et

21 3515 47 3571 in
64 3513 217 3576 uerrendis
241 3513 388 3594 promimio
412 3513 614 3586 poententiam,
637 3519 705 3570 ente
727 3511 829 3571 oeulos
847 3514 989 3592 ponendo,
1008 3515 1091 3575 nobis
1109 3532 1157 3578 on-

21 3613 80 3652 mm
98 3595 160 3674 ipsi
180 3612 234 3674 pro
254 3611 290 3654 eo
310 3607 472 3673 eponeoree.
511 3590 612 3670 linque
636 3587 743 3650 Pnulne
760 3590 847 3650 Rom.
872 3597 910 3666 5,
921 3594 949 3654 t.
974 3613 1033 3653 non
1053 3595 1105 3656 ubo
1124 3611 1158 3658 m

21 3675 187 3750 patientiam
207 3671 269 3752 epei
287 3672 432 3750 eoninngit
451 3677 481 3730 et
500 3670 694 3730 eononletioni.
724 3669 768 3730 Re
789 3673 867 3730 etitio
886 3679 983 3732 notem
1002 3676 1157 3738 verborum

25 3753 158 3826 ostendit,
178 3757 310 3812 nennium
328 3753 422 3811 virum
441 3752 472 3808 in
490 3750 579 3808 erdne
598 3755 628 3808 et
641 3749 747 3814 difficili
768 3691 952 3811 determinem:
976 3757 1035 3830 To,
1054 3758 1157 3836 inquit,

24 3834 151 3892 Domine
174 3839 226 3904 mi
250 3833 334 3892 Dene
351 3839 393 3890 mi
416 3832 565 3893 ennodieo.
589 3836 693 3908 uenere
713 3831 778 3908 qme
798 3828 864 3888 Deo
883 3849 994 3893 momm
1013 3837 1157 3912 trahente,

25 3911 180 3986 pericnlum
201 3917 263 3970 emt
282 3929 319 3970 ne
337 3909 386 3970 vel
404 3909 498 3970 teedio
523 3905 724 3988 iengnmoeret,
750 3909 798 3968 vel
816 3909 845 3968 in
865 3910 1089 3992 deeperetionem
1109 3933 1155 3974 en·

24 3989 111 4062 deret,
143 3991 199 4050 nisi
222 3989 279 4050 hee
301 3990 409 4072 dupliei
427 3990 584 4049 munitione
603 3991 748 4069 opposite,
778 3996 941 4071 onnettmter
963 3999 993 4055 et
1017 3995 1156 4076 intrepide

23 4077 253 4224 pugndsffzom
271 4151 351 4224 dixi„
365 4151 415 4210 Ne
423 4151 521 4230 sorte.
545 4145 608 4206 Hae
622 4150 1053 4286 puoqneeirenmetnntieiidem
1072 4169 1156 4213 ouem

26 4231 52 4283 et
69 4231 206 4306 pretendi
226 4229 352 4289 studium
376 4229 536 4300 confirmet,
555 4224 624 4304 Qno
669 4229 693 4286 ei
717 4231 793 4288 eonti
830 4231 868 4289 rit
890 4249 957 4290 enm
981 4231 1081 4302 deren,
1105 4235 1161 4292 tri-'

27 4307 164 4386 nmpbnm
189 4309 281 4368 eetnri
305 4309 364 4368 nint
386 4308 490 4367 booten.
530 4306 609 4369 Haeo
632 4315 727 4366 entem
750 4309 900 4387 indignitas
924 4326 982 4369 non
1006 4313 1088 4390 perri
1111 4319 1157 4372 eet
1183 4362 1187 4370 ,

27 4386 99 4462 apud
119 4387 218 4453 Deum
240 4388 392 4465 momenti,
416 4394 449 4448 ut
472 4385 554 4448 nobie
573 4403 660 4467 opem
679 4387 771 4449 ierete
790 4389 858 4469 qrrin
881 4390 1004 4470 improbi
1024 4398 1164 4473 proterve·
