2804 4890
207 252 262 310 136
629 250 920 296 concurrens
1197 209 1228 252 ⁸*

209 377 261 458 qu
278 390 347 438 ves
364 374 395 436 rs
414 373 513 456 sepse
532 373 642 450 mer,
661 331 799 442 suns
817 362 1254 447 commeruissem

208 455 281 516 bene
300 455 366 516 filiis
385 456 445 516 suis
463 455 603 534 opmulat.
643 453 719 535 Ergo
742 455 878 516 iudicium
901 461 932 514 et
956 455 1004 514 via
1027 454 1088 514 eius
1113 452 1186 514 nihil
1205 453 1267 512 aliu
1303 463 1342 516 eat

208 555 296 617 quam
316 535 492 616 gubernatio,
511 554 569 616 qua
587 534 711 596 declarat
730 554 770 609 sc,
789 541 822 595 ut
841 535 981 618 optimum
1000 541 1118 613 patrem.
1130 532 1223 605 decet,
1244 551 1340 594 curare

207 635 326 676 suorum
345 613 475 687 salutem,
500 624 533 674 ut
550 634 707 698 oppressos
721 613 866 688 sublevet,
889 614 1013 674 deiectos
1031 614 1129 692 erigat,
1149 617 1281 672 moestos
1299 632 1342 672 ex·

207 693 311 754 hilaret
329 711 364 754 ne
383 693 499 764 soletur,
518 695 627 754 miseris
646 700 801 754 succurrat.
832 692 916 754 Nunc
935 699 1064 752 tenemus
1085 691 1185 771 quales
1206 693 1268 750 sint
1287 711 1342 772 gra·

207 776 268 834 tine
285 771 343 834 Dei
365 792 432 854 erga
455 791 508 834 nos
526 791 705 854 progressus:
729 791 833 854 nempe
857 772 935 854 quod
955 773 1079 853 primum
1099 778 1228 832 errantes
1249 777 1281 830 et
1299 791 1342 852 pe

207 853 293 928 latos,
315 855 375 918 imo
399 851 535 934 profugos
558 854 588 912 in
613 854 689 914 viam
713 853 836 926 reducit,
865 853 1022 932 compescit
1044 857 1173 910 nostram
1197 858 1341 910 contuere

208 935 291 1002 ciam
310 934 340 994 ei
356 934 437 1027 prius
459 933 613 992 indomitos
636 933 667 992 in
690 931 861 1012 obsequium
882 931 1007 996 iustitiae
1031 947 1101 990 suae
1125 931 1225 1004 flectit,
1247 929 1342 990 deinde

190 1011 287 1095 'quod
304 1013 426 1086 aissrctos
445 1017 475 1070 et
493 1011 654 1072 laborantes
673 1031 732 1071 non
743 1008 854 1088 (leserit,
874 1011 924 1071 sed
940 1017 1092 1091 postquam
1112 1027 1163 1069 cos
1183 1027 1272 1068 cruce
1293 1009 1342 1070 lor·

207 1093 299 1154 mevit
315 1091 352 1152 ad
371 1091 560 1157 humilitatem
578 1099 611 1152 et
627 1087 804 1166 modestiam,
822 1090 974 1172 providem
1000 1107 1031 1154 se
1050 1090 1081 1149 in
1100 1089 1228 1169 regenda
1247 1107 1343 1150 eorum

206 1174 267 1234 vita
324 1179 397 1232 trem
419 1171 551 1232 declarat.

306 1254 334 1316 0.
357 1253 463 1311 Omnes
480 1259 546 1312 stne
563 1251 698 1312 leloooe.
718 1247 866 1310 Faltonius
879 1249 1047 1332 interpretes
1061 1247 1221 1328 quiveram
1243 1253 1342 1308 etses-

206 1339 274 1392 tem
293 1327 376 1412 Legis
401 1329 559 1391 doctrinam
583 1331 613 1389 in
637 1329 695 1390 hoc
718 1347 804 1390 versu
831 1329 886 1390 diei
932 1334 1030 1401 uiant,
1054 1329 1201 1408 talemque
1225 1347 1261 1386 re
1285 1329 1342 1407 ipss

208 1411 307 1472 sentiri
321 1407 362 1468 'ab
382 1411 442 1469 eius
461 1409 631 1470 cultoribus:
651 1409 710 1470 acsi
729 1415 898 1490 congrueret
939 1409 964 1469 'c
982 1407 1063 1467 locus
1082 1425 1149 1466 cum
1169 1407 1222 1466 illo
1238 1406 1343 1466 Christi

209 1492 296 1566 dicto,
315 1491 416 1570 legum
434 1493 531 1550 meum
548 1509 638 1550 suave
656 1495 709 1564 est,
734 1497 764 1550 et
783 1509 857 1550 onus
875 1507 973 1549 meum
991 1487 1065 1547 leve.
1104 1486 1206 1547 blettb.
1228 1491 1279 1559 11,
1298 1491 1342 1549 so

207 1567 310 1652 Neque
336 1569 413 1630 enim
436 1569 530 1630 solum
554 1575 653 1656 concta
676 1575 721 1630 est
743 1567 882 1630 eiusmodi
906 1567 1100 1706 intepretatio
1124 1567 1174 1626 sed
1200 1566 1284 1627 facile
1302 1585 1341 1626 re-

206 1649 268 1711 ielli
286 1654 381 1731 potest
399 1669 437 1710 ex
456 1649 555 1710 multis
574 1648 711 1710 similibus
730 1648 811 1722 locis,
829 1647 878 1708 ubi
897 1651 961 1708 viee
1000 1647 1088 1708 omini
1107 1653 1264 1706 sumuntur
1277 1665 1340 1728 pss-

106 1772 109 1796 ,
207 1731 272 1790 sivo
292 1747 393 1802 sensu,
409 1748 466 1810 pro
487 1736 603 1810 paterna
624 1744 711 1808 quam
729 1728 759 1790 in
784 1729 844 1788 suis
863 1727 975 1788 tuendis
994 1733 1024 1788 ct
1041 1725 1172 1787 fovendis
1191 1731 1279 1800 tenet,
1296 1745 1339 1786 rs·

131 1837 150 1876 ¹,
205 1811 298 1870 tione:
316 1809 376 1868 imo
395 1825 449 1904 pro
469 1815 530 1868 tota
548 1807 751 1888 gubernatione
770 1827 826 1888 qua
841 1807 1204 1890 resbamanastemperet„
1223 1805 1338 1866 Summe

206 1890 365 1972 igiturest,
384 1907 425 1948 src
443 1886 609 1959 Dominum⁴
622 1907 705 1968 egere
724 1906 790 1948 cum
810 1888 868 1948 suis
887 1885 1026 1958 fidelibus,
1053 1891 1086 1944 ut
1106 1887 1186 1958 omui
1205 1903 1245 1946 ex
1283 1893 1339 1945 arte

205 1989 260 2052 pro
282 1969 361 2028 ilium
387 1975 416 2028 et
440 1985 570 2028 veracem
590 1984 656 2026 eum
677 1969 809 2028 sentiant.
848 1963 950 2046 Neque
969 1969 1045 2026 enim
1064 1963 1111 2024 bic
1130 1972 1229 2025 narmi
1279 1965 1340 2024 aeid

206 2067 247 2130 qu
276 2067 322 2108 em
340 2047 503 2130 premissus
522 2065 553 2107 sc
572 2045 653 2106 Deus
666 2047 738 2128 'erga
758 2045 914 2105 humanum
934 2066 1024 2128 genus
1043 2049 1176 2183 praestet,
1202 2045 1256 2105 sed
1275 2063 1339 2125 qua·

205 2127 263 2188 lem
283 2127 378 2206 ipsum
397 2122 648 2207 experiantureius
667 2125 727 2186 filii.
758 2125 887 2185 Vidimus
902 2129 978 2186 enim
988 2125 1042 2184 Pse
1055 2145 1102 2185 mn
1122 2127 1172 2196 18,
1191 2127 1242 2188 26.
1264 2145 1338 2205 prae·

205 2205 304 2268 fractis
324 2205 428 2264 durum
447 2224 509 2266 esse
527 2213 557 2264 et
575 2200 705 2286 rigidam,
724 2211 811 2285 atquc
831 2211 863 2264 ut
882 2205 1035 2265 clementer
1052 2207 1192 2286 ignoscat
1212 2205 1338 2265 vitemus

205 2293 301 2346 temen
325 2283 406 2346 nullo
431 2283 586 2344 dulcedinis
610 2285 671 2344 eins
690 2303 775 2344 sensu
800 2283 888 2343 affici:
912 2285 1025 2346 tantum
1043 2285 1123 2344 abest
1141 2289 1177 2344 ut
1195 2283 1260 2344 eius
1279 2305 1339 2365 pro

204 2363 385 2426 missionibus
404 2363 503 2436 innixi,
522 2363 636 2444 plenam
656 2363 691 2432 ab
716 2383 750 2423 eo
770 2363 933 2425 felicitatem
956 2371 1131 2446 exspectent.
1161 2363 1226 2422 imo
1247 2363 1338 2424 simul·

204 2451 292 2524 tique
311 2439 417 2522 aliquid
437 2443 547 2504 adversi
567 2445 695 2524 contigit,
714 2445 840 2504 fremunt
863 2451 892 2503 et
911 2445 1101 2525 indignentur,
1125 2441 1224 2502 Deum
1244 2445 1337 2504 crade-

107 2584 111 2606 ,
203 2524 290 2584 litatis
313 2521 488 2596 insimulant,
503 2521 561 2604 'vel
586 2525 703 2583 surdum
727 2543 790 2584 esse
809 2525 868 2582 suis
888 2523 1018 2604 precibus
1039 2529 1213 2618 queruntur:
1234 2524 1265 2583 in
1284 2524 1336 2582 lee-

203 2603 267 2666 iitia
285 2621 365 2676 vero,
390 2603 451 2662 eius
470 2609 656 2684 conspectum
680 2603 808 2683 fugitent.
849 2601 947 2686 Quare
966 2623 1026 2662 non
1045 2603 1188 2662 immerite
1208 2599 1268 2662 Dei
1286 2603 1337 2663 cle·

204 2683 341 2744 arentiam
360 2688 390 2742 et
409 2681 496 2742 fidem
516 2683 597 2762 quasi
617 2683 789 2764 peculiarem
798 2681 962 2743 thesaurum
973 2682 1103 2744 fidelibus
1118 2681 1264 2762 designet:
1283 2683 1337 2742 acsi

203 2763 311 2824 diceret
335 2782 394 2822 non
418 2781 480 2822 esso
504 2762 662 2822 timendum
685 2783 723 2822 ne
742 2761 823 2822 Deus
847 2781 901 2826 nos
919 2763 1077 2836 frustretur,
1097 2763 1121 2820 si
1140 2779 1292 2825 menemus
1310 2765 1337 2822 iu

202 2844 257 2902 su'o
276 2839 399 2902 foedere'.
439 2843 557 2903 Foedus
575 2853 602 2904 et
627 2845 840 2904 Testimonium
863 2843 939 2903 idem
958 2843 1043 2916 valet,
1068 2842 1122 2901 nisi
1142 2842 1223 2921 quod
1243 2861 1337 2902 secun

203 2923 274 2983 dum
293 2923 437 3005 exegetica
455 2921 584 2983 additum
603 2930 654 2984 est
685 2922 907 3004 comprehendit
925 2929 1020 2998 sutem
1030 2927 1121 2982 totam
1131 2919 1216 3004 Legis
1237 2922 1336 2982 doetri-

117 3059 121 3068 ,
203 3021 282 3080 nam,
299 3003 330 3062 iu
350 3023 407 3082 qua
427 3023 493 3063 cum
513 3003 603 3063 electo
622 3004 731 3084 populo
751 3003 911 3084 paciscitur.

283 3086 330 3144 11.
351 3087 482 3164 Propter
499 3105 606 3144 nomen
629 3094 713 3143 tuom
731 3086 842 3142 leisooo
859 3089 1020 3164 propitius,
1044 3089 1097 3141 etc.
1138 3079 1216 3160 Quia
1237 3081 1347 3163 copule·

202 3161 403 3242 interponitur,
421 3169 524 3242 putant
542 3161 657 3242 quidam
677 3162 733 3222 hoc
752 3161 910 3222 membrum
922 3161 1050 3241 ecliptico
1068 3163 1195 3242 positum
1214 3179 1289 3236 esse,
1308 3167 1338 3220 ut

202 3239 323 3301 verbum
341 3239 457 3320 aliquod
477 3240 701 3301 subaudiendum
720 3244 767 3314 sit,
789 3242 890 3302 deinde
913 3242 1082 3301 sententiam
1106 3241 1186 3301 illnm
1210 3259 1338 3301 scorsum

202 3319 312 3400 legunt,
331 3323 489 3400 Propitius
511 3328 553 3380 sis
572 3328 725 3403 impuritati
747 3343 836 3382 awos.
875 3321 975 3401 ltaque
993 3320 1149 3382 seeundum
1169 3339 1221 3380 eos
1240 3339 1337 3380 sensas

201 3405 287 3474 esset,
307 3397 432 3458 Domine
451 3399 517 3459 licet
535 3399 636 3458 foedes
655 3407 739 3461 tuum
758 3421 817 3462 non
841 3409 940 3462 exacte
964 3400 1161 3474 custodierim,
1185 3419 1224 3460 ne
1243 3407 1337 3460 temen

201 3484 354 3618 profiptertqp
373 3477 660 3618 desinestbeneiipum
679 3487 709 3618 tp
728 3500 796 3560 erga
815 3501 861 3540 me
874 3481 1036 3620 *plstendqpq
1061 3499 1096 3539 ac
1111 3493 1171 3620 gree(l
1183 3479 1337 3619 tuamnffi

223 3575 312 3618 ecee
336 3575 381 3618 am
401 3575 482 3618 arces
515 3577 578 3618 mea
598 3579 637 3618 mr
659 3579 685 3617 m
701 3579 731 3618 as
760 3580 822 3620 eam
844 3581 881 3620 mr
903 3579 912 3618 ι
931 3579 985 3620 con
1007 3577 1071 3620 ona.

201 3621 457 3718 potiusassentior
476 3640 526 3720 qui
545 3579 678 3718 copulrlln
697 3602 783 3714 (silut
802 3640 864 3698 aliis
880 3640 1008 3719 pluribus
1028 3639 1112 3716 iocis)
1131 3579 1338 3720 supserilcssm

202 3733 265 3774 csse
283 3723 395 3795 putent,
415 3725 448 3778 ut
467 3737 525 3778 uno
545 3724 682 3778 contextu
702 3717 853 3780 cohaereat
863 3727 940 3778 totus
950 3739 1058 3779 vernus.
1098 3719 1133 3779 ln
1152 3717 1235 3779 verbi
1252 3711 1338 3779 ctiam

202 3800 333 3875 tempore
359 3795 527 3858 dissentiunt
550 3799 729 3878 interpretes,
759 3801 873 3879 quidam
902 3801 977 3860 euim
1007 3800 1193 3880 praeteritum
1217 3800 1339 3858 retineat

118 3922 120 3932 ,
202 3876 262 3934 acsi
280 3875 384 3954 gratias
404 3872 469 3934 Deo
489 3884 584 3956 ageret
599 3875 694 3936 David
715 3877 752 3938 ob
772 3881 920 3956 remissum
940 3879 993 3938 sibi
1012 3885 1171 3958 peccatum.
1212 3875 1274 3938 Sed
1292 3897 1338 3938 ve·

202 3954 262 4012 rior
280 3960 324 4012 cst
343 3953 431 4012 altera
450 3957 600 4036 expositio,
621 3975 695 4036 quae
714 3959 799 4018 etiam
813 3959 902 4039 magis
912 3964 1026 4038 recepte
1045 3963 1102 4018 ests
1121 3957 1269 4018 Davidem
1288 3959 1339 4018 sci·

135 4023 148 4044 “
201 4033 269 4092 licet
294 4033 397 4094 iterum
422 4033 459 4092 ad
483 4035 692 4096 misericordiae
711 4035 767 4097 Dei
792 4039 905 4118 esyltrm
930 4037 1137 4118 confugerent
1155 4037 1271 4098 veniam
1291 4037 1340 4098 ob·

201 4113 298 4172 tinent.
338 4110 412 4171 Nam
443 4127 457 4190 q
486 4121 531 4172 est
554 4117 691 4194 temporis
720 4121 933 4178 conversivum:
962 4118 1093 4177 futurum
1121 4135 1192 4178 vcro
1218 4117 1340 4198 optativi

201 4191 267 4250 loco
287 4193 414 4251 sumitur.
455 4189 546 4252 Porro
567 4193 642 4254 iruuc
661 4199 826 4257 versumita
845 4218 911 4257 cum
930 4195 1165 4278 praecedentibus
1185 4201 1340 4276 coniunge,

201 4267 303 4346 Quam
322 4291 421 4331 secem
440 4272 591 4333 meditatus
610 4283 686 4336 essct
705 4275 860 4356 Propheta,
878 4275 976 4337 Deum
995 4275 1157 4338 beneficum
1175 4285 1207 4338 ct
1225 4277 1340 4339 lidelem

201 4365 263 4410 esee
281 4351 340 4410 suis
360 4351 524 4430 cusoribus,
548 4354 605 4414 iam
629 4356 659 4416 in
677 4375 710 4416 se
728 4355 919 4437 descendens,
937 4359 1067 4438 agnoscit
1083 4357 1200 4424 nonem
1220 4357 1339 4422 interm
