2854 4886
68 316 72 330 ,
184 279 221 337 54
600 281 884 322 tesaurus

109 394 113 402 ’
185 403 245 468 ere
264 372 398 486 riquenai
417 404 541 468 armam
560 397 756 480 niteamus
775 394 892 492 amma
909 395 939 474 ι,
960 395 1011 465 aa
1032 397 1129 482 taqua
1147 399 1223 463 ιιω
1242 417 1326 464 eom.

112 499 117 516 ·
182 485 294 570 ¹aratio
318 485 417 544 auxilii
435 482 582 544 Divinitas
601 483 679 546 allati
696 481 903 566 miraculumo
923 473 993 542 time
1011 480 1134 542 illustrat
1168 479 1249 564 quod
1267 499 1328 544 nee

183 506 205 582 t>

184 563 265 646 mpii
288 563 341 624 tibi
364 563 485 654 docendi
507 563 626 624 modum
645 561 809 637 statuerint,
832 561 887 622 uiai
903 501 1037 622 bmnibus
1055 523 1184 654 tundiiuo
1210 560 1327 638 deletio,

185 650 215 706 et
234 643 314 704 initio
334 643 395 706 visa
414 643 501 704 suerit
523 644 628 706 inaure
646 643 747 704 ultima
771 641 911 701 vestitast·
927 639 1013 704 moue
1036 659 1106 701 vero
1129 641 1171 702 ita
1194 642 1328 702 oouinsie

185 721 354 804 tempestive
372 723 534 806 apparuerit
547 720 637 784 Deus.
656 721 734 803 Ergo
755 721 867 802 quoties
886 717 957 808 odiit
974 725 1089 804 praeter
1106 720 1255 784 interitum
1269 739 1327 782 no·

184 801 228 864 bie
247 802 382 878 occurrit,
400 801 613 864 meminerimus
632 803 732 862 oeulos
751 803 889 861 ooniioere
909 799 946 861 ad
965 799 1087 862 eoeleste
1106 799 1225 876 solium,
1244 801 1328 890 uode

184 881 269 947 rebus
293 879 423 942 humanis
448 882 584 963 prospicit
602 879 692 944 Deus,
723 879 833 942 Omnes
857 881 934 942 enim
957 879 1146 942 tentetionum
1171 879 1328 941 conflictus
1419 897 1420 928 ι

137 963 138 968 ’
184 959 241 1026 hoe
265 959 369 1042 clypeo
392 961 532 1042 repellere
551 963 698 1022 eonvenite
722 959 790 1020 lieet
808 961 838 1020 iu
857 959 965 1020 mundo
986 959 1022 1018 ad
1042 959 1172 1020 ultimam
1191 960 1327 1042 despera-

183 1039 292 1102 tionem
306 1039 412 1100 redaeti
425 1041 527 1116 simae,
543 1039 838 1122 Deumnibiiomiuue
851 1039 977 1100 iueoeio
992 1037 1115 1098 iudicem
1130 1037 1236 1102 sedere
1256 1039 1324 1119 imo
1419 1051 1420 1112 t

21 1125 33 1156 s
116 1141 121 1159 ι
184 1139 276 1260 fflm
296 1117 462 1196 dissimulat,
480 1139 535 1182 uee
552 1121 650 1182 atatim
664 1119 794 1181 medetur
807 1117 889 1178 malie
904 1119 992 1180 nost⁸
1037 1115 1104 1179 fidei
1118 1135 1236 1179 seneua
1258 1135 1327 1201 pre·

144 1235 149 1243 ·
239 1193 309 1275 ¹de'ro
332 1199 473 1260 ,convenit
501 1199 643 1261 oeeultam
669 1201 730 1260 eius
754 1199 972 1282 providentiam.
991 1201 994 1207 ’
1033 1197 1106 1257 rimo
1131 1197 1201 1258 dieit
1273 1214 1327 1260 um
1419 1199 1420 1250 ἕ

185 1299 205 1360 p
257 1284 325 1339 etuo
345 1277 456 1340 sedere:
477 1299 537 1364 quo
556 1278 702 1360 iutelligit,
721 1279 905 1360 quantumvis
926 1277 983 1338 alte
1002 1295 1034 1338 ee
1052 1277 1154 1338 efferat
1172 1277 1328 1340 hominum

186 1357 234 1418 vio
247 1358 336 1434 entia,
355 1363 385 1419 et
403 1359 464 1430 siue
483 1359 570 1421 modo
588 1365 757 1454 prorumpat
776 1365 877 1420 eorum
896 1356 993 1432 furor,
1018 1353 1115 1418 Deum
1132 1363 1230 1420 tameo
1248 1367 1326 1418 nuu'·

186 1455 273 1520 quam
289 1455 331 1506 ,ex
349 1455 402 1500 aua
420 1437 487 1498 rede
505 1458 590 1520 poeee
610 1437 734 1500 detrahi:
754 1455 808 1498 nee
826 1435 889 1498 fieri
908 1456 993 1519 posse
1011 1443 1046 1496 ut
1065 1455 1096 1497 ee
1110 1435 1210 1497 iudieis
1226 1437 1327 1503 offieio

185 1521 216 1578 et
239 1519 380 1598 potestate
402 1515 527 1594 abdicet,
550 1517 629 1599 quod
651 1517 777 1579 seeundo
796 1516 925 1578 membro
945 1515 1228 1598 elatine-exprimit:
1241 1517 1326 1578 dioit

185 1595 264 1676 euim
282 1614 342 1656 non
360 1595 425 1658 ideo
444 1603 556 1658 tuntum
575 1617 703 1679 regnare,
722 1604 755 1658 ut
773 1595 901 1658 sublimis
920 1596 1044 1656 emineat
1062 1595 1123 1656 eiua
1135 1595 1273 1658 ’maieatta
1294 1601 1327 1658 et
1419 1637 1420 1642 κ

187 1673 293 1756 gioria,
312 1674 363 1736 ead
382 1681 415 1736 ut
434 1677 573 1738 mundum
592 1677 666 1738 iuste
684 1675 830 1757 gubernet.
1215 1687 1225 1703 '

266 1755 296 1818 9.
314 1756 357 1816 Et
367 1763 438 1836 ,ipae
456 1757 604 1823 iudicabit.
623 1753 714 1818 Sicuti
728 1775 821 1838 nuper
834 1759 955 1816 testatus
970 1761 1014 1818 est
1028 1753 1136 1833 Dauid,
1154 1751 1249 1816 Deum
1260 1773 1324 1816 non

91 1881 94 1890 ,
188 1833 280 1895 otiosa
299 1835 426 1914 potentia
445 1853 507 1896 esse
526 1835 700 1917 praeditum,
719 1843 754 1896 ut
773 1835 879 1896 deliciis
898 1833 1054 1917 indulgeat,
1074 1833 1123 1916 eed
1142 1839 1181 1916 ut
1195 1834 1226 1893 in
1243 1841 1327 1895 reeta
1419 1895 1420 1900 ,

187 1915 261 1980 iusta
302 1914 438 1974 emundi
456 1913 660 1996 gubernatione
679 1921 810 1977 exeroeat
829 1933 912 1976 ouum
931 1915 1095 1996 imperiumr
1113 1915 1255 1975 aiouuno
1272 1912 1328 1976 bu·

188 1991 235 2054 ius
279 1993 404 2056 ootriuae
428 2013 514 2058 usum
538 1995 631 2072 addit,
654 1995 733 2076 quod
759 1995 867 2056 scilieet
891 1994 974 2068 ooelo
997 1993 1105 2056 iudma
1129 2013 1191 2056 non
1209 1991 1326 2056 sitDei

174 2073 291 2149 -virtuo,
310 2073 361 2134 ead
380 2093 412 2134 se
431 2073 468 2143 ad
486 2071 615 2136 homiues
629 2075 769 2136 iuvandos
783 2073 944 2155 patefaciat.
963 2071 1061 2156 Atque
1073 2072 1146 2136 haee
1161 2091 1230 2134 vera
1244 2071 1326 2134 theo·

188 2151 265 2248 toria
284 2157 336 2227 eat,
355 2149 453 2212 Deum
470 2173 531 2214 non
550 2154 706 2235 imaginari,
726 2173 793 2215 oum
811 2151 946 2235 Epicuro,
966 2160 1114 2215 vacantem
1134 2153 1194 2214 otio
1212 2151 1263 2214 rel
1277 2153 1324 2214 do·

98 2251 101 2262 ·
188 2231 269 2307 buia,
289 2238 320 2291 et
338 2233 388 2311 qui
407 2252 438 2292 ee
457 2251 516 2293 nno
536 2240 696 2308 contentus,
715 2233 873 2296 humanum
891 2254 981 2315 genus
999 2233 1137 2328 negligat:
1159 2232 1210 2294 sed
1229 2235 1260 2294 in
1280 2251 1326 2293 oo-

55 2378 62 2394 s
189 2311 230 2371 lio
254 2312 398 2394 potentiae
422 2318 453 2372 et
475 2313 625 2392 aequitatis
648 2312 760 2386 locare,
785 2319 819 2374 ut
843 2319 922 2376 certo
941 2313 1068 2395 persuasi
1087 2331 1190 2387 umus,
1210 2311 1328 2374 vetiamsi

153 2409 159 2422 ·
190 2409 251 2452 uon
271 2391 366 2450 statim
385 2399 533 2452 suoeurrat
546 2393 650 2453 iniuste
666 2411 684 2452 o
704 2394 819 2475 pressis,
837 2413 983 2474 nunquam
1000 2399 1095 2454 tamen
1110 2411 1212 2453 eorum
1227 2411 1328 2454 euram

190 2469 321 2536 abiicere.
350 2467 389 2530 Et
408 2477 484 2532 certe
502 2473 542 2534 ita
561 2414 745 2534 statuendum
758 2479 811 2546 est,
831 2493 921 2554 quum
936 2471 1101 2548 dissimulat,
1120 2483 1181 2532 uon
1195 2471 1328 2534 resuere

191 2567 258 2612 auae
276 2554 382 2630 parter,
401 2551 450 2610 sed
470 2570 605 2614 exercere
624 2569 742 2612 suorum
760 2553 938 2634 patientiam:
958 2551 1080 2640 ideoque
1099 2553 1207 2634 paratio
1226 2551 1328 2613 animia

116 2623 121 2646 ⁸
190 2627 401 2770 {xpeffiuedum
420 2649 491 2770 arogi
500 2632 618 2771 exitum.
637 2629 802 2774 Pronomelrlr
822 2633 1074 2770 delmonutrativum
1093 2631 1171 2728 apud
1189 2639 1238 2693 me
1294 2651 1326 2692 u·

170 2728 309 2864 iudicet,
333 2727 443 2868 autbodi:
460 2729 1064 2872 iuffi,a1(1¹offlg:epogossoetffiagu
1065 2727 1175 2852 11dilltldbe
1183 2728 1329 2874 dbdnnitdg

190 2867 284 2929 muto
308 2869 399 2949 megia
423 2888 542 2930 suorum
565 2869 629 2938 iore
651 2869 782 2931 iudicem.
813 2869 850 2932 Et
869 2870 973 2932 iudicia
991 2870 1063 2932 haee
1082 2877 1160 2932 reeta
1179 2889 1242 2932 esse
1261 2891 1328 2954 pro-

191 2948 304 3008 nuntiat
317 2943 422 3023 David,
443 2955 476 3010 ut
494 2949 599 3010 iu'iuste
617 2955 647 3012 et
666 2949 817 3010 crudeliter
836 2951 943 3026 vexati,
963 2951 1101 3012 auxilium
1116 2949 1152 3010 ab
1167 2951 1231 3031 ipso
1248 2955 1329 3012 uerte

191 3045 244 3121 ape
262 3032 407 3108 petamm:
428 3029 495 3108 quia
514 3042 604 3110 quum
622 3029 747 3112 populos
766 3031 797 3090 in
815 3031 984 3118 rectitudine
1002 3030 1117 3107 iudicet,
1136 3049 1190 3096 nee
1208 3031 1330 3090 iniustae

190 3105 340 3254 Efflssnflss,
369 3125 481 3189 semper
503 3110 622 3192 impune
647 3109 767 3190 grasaad
791 3109 879 3186 sinet,
901 3129 955 3172 neo
978 3111 1170 3209 inuo'oeuttam
1186 3117 1249 3193 *opo
1273 3123 1328 3172 eoa

235 3205 255 3246 ιι
274 3204 290 3244 a
309 3207 319 3246 1

282 3419 335 3490 10.
357 3417 401 3486 Ει
422 3421 481 3490 erit
495 3417 612 3507 lebova
627 3421 860 3494 munimentum
875 3423 1021 3516 pauperi,
1044 3423 1200 3516 protectio
1217 3445 1329 3516 oppor-

190 3523 276 3592 tuuis
308 3526 504 3617 euporius
524 3527 559 3596 n
580 3527 788 3598 tribulatione.
833 3529 887 3602 ιι.
908 3527 952 3598 ut
973 3529 1145 3621 amount
1164 3531 1199 3598 in
1220 3513 1253 3600 te
1274 3529 1328 3621 qut

193 3641 389 3722 cognoscunt
416 3653 537 3700 nomen
549 3644 665 3703 tuum:
693 3635 856 3728 quianon
877 3635 1067 3728 derelinquis
1089 3647 1278 3728 qmereateo
1294 3645 1329 3704 te

192 3733 319 3818 lehova.
365 3735 418 3808 12.
440 3729 566 3808 Psallite
587 3739 724 3810 lebovae
745 3739 912 3809 habitatori
932 3739 1022 3825 Sion,
1044 3741 1228 3812 annuntiate
1250 3741 1330 3810 iuter

186 3841 330 3933 populos
350 3853 438 3934 gesta
459 3843 556 3924 eiua„
571 3845 623 3912 13.
642 3845 725 3932 Quia
746 3846 909 3937 requirens
929 3846 1123 3938 sanguinem,
1146 3847 1215 3917 eius
1232 3841 1331 3920 reeor-

191 3947 284 4020 datus
305 3955 372 4032 est,
392 3969 464 4054 non.
481 3959 531 4018 est
552 3944 670 4019 oblitus
690 3950 836 4020 clamoris
857 3975 1043 4046 pauperum.

272 4135 320 4200 10.
340 4135 382 4206 Εἰ
406 4145 463 4198 erit
487 4137 608 4206 Ietoou.
649 4137 784 4216 Deoundt
807 4140 956 4201 tentationi
1021 4157 1054 4201 ae
1073 4139 1182 4201 duriter
1200 4139 1331 4202 infimae

190 4213 337 4298 peroeltit,
362 4213 432 4274 dum
456 4234 488 4277 ee
512 4235 546 4277 ae
565 4218 611 4277 aui
630 4217 735 4278 similes
754 4219 909 4300 impiorum
927 4219 977 4280 libi
997 4221 1036 4291 iui
1055 4217 1154 4282 vident
1173 4221 1330 4302 expositos,

118 4301 123 4321 ‘
192 4293 292 4354 sitente
312 4291 387 4354 Deo.
417 4291 493 4356 Nam
510 4291 656 4372 admouet,
675 4297 739 4358 ideo
759 4317 841 4358 auam
861 4317 946 4380 opem
965 4299 1088 4374 differre,
1106 4304 1138 4360 et
1156 4300 1187 4361 in
1206 4299 1331 4384 spetiem

129 4446 138 4458 .
191 4371 352 4463 relinquere
376 4393 445 4435 euos
468 4371 582 4454 fideles,
608 4381 642 4440 ut
665 4375 860 4443 laborantibus
880 4385 909 4444 et
927 4377 1040 4444 afflietio
1058 4379 1149 4462 magio
1166 4385 1333 4464 opportuno
