2854 4886
168 245 207 308 40
586 245 605 288 ι.
639 242 883 290 carcanus
929 279 942 292 .

166 367 321 434 bondonis
339 385 409 430 suae
427 365 475 428 bio
488 367 671 432 commendet
679 349 798 430 Darids'
809 370 877 450 qnia
892 367 978 449 longe
993 365 1108 448 iateque
1122 364 1231 448 patebit
1245 367 1307 428 eim

167 449 257 512 hmo:
283 449 342 510 aori
365 449 497 522 dixisset,
520 445 647 508 Domino
672 467 792 530 regnum
811 448 882 510 mibi
902 447 1069 523 emerendo,
1093 465 1153 508 noo
1172 448 1308 527 privatim

167 529 256 592 modo
274 526 444 590 beneficium
464 527 520 588 hoc
533 526 663 588 conferes
680 529 709 588 in
723 548 816 604 meam
826 547 988 608 personam,
1007 527 1057 586 sed
1071 545 1224 588 commune
1235 525 1309 586 mul·

168 610 207 670 tio
226 607 339 690 populis
359 606 562 668 documentum
581 607 636 666 erit
654 607 721 668 iusti
740 610 783 670 tui
795 605 902 682 iudicii,
923 613 955 668 ut
972 606 1072 668 oeulos
1089 612 1258 666 convertunt
1271 603 1311 666 ad

168 687 252 750 tuum
270 685 402 748 tribunal.
431 684 543 746 Aliudit
561 687 636 746 enim
655 683 751 748 David
771 686 808 748 od
827 705 963 748 coronam
984 683 1084 766 popuii
1104 704 1188 765 quae,
1200 684 1310 768 Regem

169 787 254 828 suum
278 765 441 862 inusoieuni
465 772 612 860 conventu
632 758 799 828 circumdat.
835 766 868 826 in
892 765 1019 862 eundem
1035 783 1148 860 sensnm
1169 767 1311 860 contiuuo

167 842 546 1004 ttttitbtdtt
563 845 861 1008 tttttttttt
878 843 1314 998 tottinwis?

168 1003 219 1066 red
238 1005 305 1064 totis
324 1003 446 1142 poqulie.
480 1001 585 1063 Subest
609 1003 686 1064 enim
705 1007 789 1065 tacita
809 1005 999 1085 compotatio,
1024 1003 1134 1064 etiamsi
1154 1005 1238 1062 unius
1258 1003 1313 1062 bo·

167 1083 251 1147 minis
271 1084 344 1144 ratio
384 1081 495 1143 abenda
511 1103 570 1144 non
590 1083 636 1157 sit,
655 1102 717 1146 esse
731 1092 826 1146 tamen
841 1091 1064 1146 consentaneum
1080 1090 1113 1144 nt
1125 1080 1209 1144 Deua
1226 1101 1314 1144 ιιιιιιι-

168 1163 238 1226 ι1ιιιιι
257 1165 287 1223 in
305 1167 384 1232 metu
401 1167 433 1226 et
451 1164 608 1238 reverentie
628 1164 725 1226 iudicii
743 1166 790 1228 eui
809 1167 960 1226 contineat

119 1297 123 1306 ,
216 1242 226 1252 '
247 1245 276 1308 9.
296 1245 445 1304 Dominus
464 1243 607 1304 iudicabit
686 1245 758 1306 utos.
798 1243 910 1305 Pendet
932 1243 1005 1305 baec
1022 1241 1163 1304 sententis
1182 1261 1221 1302 ex
1240 1261 1315 1322 pro·

166 1323 247 1386 ximo
266 1339 361 1384 versu.
385 1319 522 1382 Precatus
537 1265 685 1384 iuertttpibj

167 1403 261 1466 deret:
280 1420 357 1462 nunc
376 1401 463 1462 sumit
481 1399 537 1462 boo
577 1421 610 1462 ro
629 1409 708 1462 certo
726 1410 758 1464 et
775 1403 918 1478 confesso,
939 1397 1087 1483 proptirim
1101 1421 1164 1462 esso
1173 1399 1230 1462 Dai
1246 1411 1314 1460 mu-

167 1503 224 1546 nus
248 1481 373 1542 iudicare
392 1480 524 1562 populos.
549 1421 624 1542 gam
644 1482 774 1544 futurum
792 1482 874 1544 verbi
892 1489 1015 1564 tempus,
1036 1488 1070 1542 ut
1088 1482 1118 1540 iu
1132 1480 1314 1561 generalibus

168 1562 324 1636 sententiis,
343 1561 512 1622 continuum
530 1567 626 1622 actum
647 1561 772 1624 denotat.
798 1561 899 1644 Neque
918 1561 965 1622 bio
984 1562 1020 1621 de
1060 1561 1149 1642 epulo
1168 1579 1226 1620 uno
1245 1567 1310 1620 teu-

168 1647 231 1702 tum
254 1639 396 1722 loquitur,
420 1639 470 1700 sed
494 1647 611 1700 conotus
637 1649 736 1721 gentes
759 1641 984 1724 comprehendit.
1052 1659 1098 1700 um
1124 1641 1191 1721 quia
1209 1637 1308 1702 Deum

166 1721 296 1803 agnoscit
314 1721 402 1780 totius
423 1719 521 1783 mundi
540 1719 673 1796 iudicem,
693 1721 762 1782 inde
778 1729 877 1803 postea
898 1721 1094 1794 ratiocinatur,
1113 1737 1216 1780 musae
1234 1739 1309 1780 auae

159 1806 197 1864 'et
215 1802 285 1860 imis
303 1805 473 1860 msertorem
487 1798 564 1860 tore.
599 1799 697 1880 Atque
716 1801 773 1862 boo
792 1801 888 1875 nobie,
910 1802 1022 1882 quoties
1042 1799 1147 1860 deserti
1167 1790 1309 1880 oppr'eesi·

676 1324 742 1383 aeid
757 1331 791 1384 ut
805 1321 886 1384 Deua
900 1343 933 1384 ae
946 1322 1060 1404 populis
1076 1323 1198 1382 iudicem
1213 1329 1314 1382 osten·
1415 1327 1416 1344 ¹

167 1899 225 1964 que
245 1879 390 1954 videmur,
413 1879 444 1940 in
463 1879 630 1941 memorium
648 1880 741 1942 redire
760 1880 853 1956 debet,
873 1883 941 1962 quio
960 1879 1017 1940 Dei
1035 1885 1080 1940 est
1099 1879 1238 1938 mundum
1259 1897 1312 1958 go·
1415 1921 1416 1942 ;

167 1959 300 2034 bernero,
330 1977 510 2040 nequaquem
534 1978 620 2040 posse
644 1959 705 2020 fieri
730 1967 764 2020 ut
786 1979 907 2024 munere
928 1979 981 2020 suo
1007 1977 1041 2018 se
1064 1958 1188 2020 abdicets
1219 1957 1314 2019 uibiio

167 2038 276 2100 scilieet
295 2039 385 2118 magia
404 2057 491 2128 quem
511 2045 544 2096 ut
563 2037 686 2120 abneget
704 2059 736 2100 se
750 2041 855 2120 ipsum.
876 2037 922 2100 Ex
941 2039 998 2100 boo
1012 2037 1102 2112 fonte,
1121 2037 1312 2118 quantumvis
1415 2083 1416 2112 ι

165 2119 253 2200 ionga
272 2117 413 2180 malorum
433 2117 519 2178 serios
539 2115 621 2178 uobis
636 2118 791 2193 incumbat,
812 2121 883 2179 fluet
899 2119 1031 2200 pomtinis
1048 2119 1221 2178 consolatio:
1241 2118 1312 2198 quia

167 2204 233 2258 tuto
244 2197 376 2278 colligere
385 2195 489 2270 licebit,
499 2197 633 2258 tutandae
646 2205 760 2259 nostrae
769 2199 946 2262 innocentiae
956 2199 996 2258 ilii
1006 2197 1068 2258 iore
1077 2215 1185 2257 curem.
1201 2196 1313 2258 Absun

168 2277 238 2339 dum
256 2277 333 2336 enim
352 2275 434 2350 toret,
450 2293 520 2336 eum
581 2276 588 2292 '
609 2277 706 2337 multis
726 2279 839 2360 populis
854 2285 976 2359 praeeat,
995 2277 1140 2338 homiuem
1158 2295 1312 2338 unumne-

169 2355 285 2454 5ligere.
309 2353 411 2436 Neque
434 2356 510 2415 euim
529 2355 539 2414 i
559 2357 703 2452 emquod
722 2359 841 2420 terrenis
863 2357 1018 2432 iudicibus,
1037 2357 1080 2418 illi
1099 2359 1256 2440 contingit,
1277 2363 1311 2418 ut
1415 2405 1416 2438 ι

45 2439 51 2446 “
168 2455 200 2496 ιιι
214 2435 366 2517 moguiset
380 2433 500 2530 qubiioia
515 2435 635 2516 negotiu
651 2443 807 2518 occupatus
822 2437 1198 2518 privatesoausacnegiigot.
1217 2434 1312 2496 Porro
1415 2479 1416 2500 ι

167 2515 271 2576 itemm
285 2533 367 2576 suam
385 2514 573 2595 integritatem
588 2513 619 2574 iu
633 2515 759 2578 medium
795 2517 892 2592 infert,
911 2535 948 2578 ne
958 2517 1099 2590 videatur,
1116 2517 1199 2576 aienti
1216 2515 1313 2576 solunt
1415 2523 1416 2528 ’

168 2593 352 2676 hypocritae,
370 2591 442 2654 falso
466 2591 524 2654 Dei
547 2613 653 2655 nomeu
673 2538 840 2676 obtendere.

169 2693 229 2735 non
248 2674 361 2754 accipit,
379 2673 493 2734 nonnisi
511 2693 549 2734 ex
567 2691 670 2736 musae
685 2674 812 2738 bonitate
829 2677 1001 2758 sperandum
1019 2682 1064 2736 oet
1078 2683 1113 2736 ut
1126 2681 1183 2734 stet
1196 2693 1215 2735 ιι
1229 2681 1313 2756 parte

169 2757 283 2828 nostra,
307 2751 391 2814 uobis
435 2771 452 2814 o
471 2751 575 2814 foveat.
608 2751 667 2814 Sed
684 2757 833 2851 quaeritur
852 2756 999 2837 quomodo
1018 2773 1100 2816 auam
1119 2755 1314 2837 integritutena

168 2833 256 2894 ioetet
275 2847 372 2893 eoram
421 2853 456 2894 eo
476 2829 582 2907 David,
603 2835 653 2914 qui
673 2833 740 2896 abbi
760 2835 927 2917 deprecetur
946 2837 1007 2896 eius
1026 2835 1174 2896 iudicium.
1194 2835 1313 2896 Scintio

169 2912 260 2973 senilia
280 2917 334 2986 est,
354 2913 421 2993 quie
440 2911 489 2972 hio
508 2933 568 2972 uon
587 2915 680 2996 egitur
700 2915 847 2996 quomodo
867 2913 1051 2998 respondent,
1071 2915 1095 2974 si
1110 2916 1208 2996 exigat
1223 2913 1261 2974 ab
1276 2935 1315 2976 eo

169 2990 251 3054 Deus
271 2993 359 3053 totius
379 2993 455 3052 vitoe
474 2993 628 3054 rationem:
653 2995 703 3054 sed
718 3015 749 3055 se
764 2995 895 3056 hostibus
910 2997 968 3056 suis
980 3013 1159 3075 comparans,
1179 3015 1237 3054 non
1252 2993 1315 3052 fru-

169 3077 228 3132 stra
247 3091 279 3133 ec
297 3090 399 3132 eorum
416 3079 547 3152 respectu
566 3072 677 3133 iustum
697 3094 760 3134 osso
780 3077 888 3136 amerit.
917 3074 971 3134 Ubi
992 3081 1089 3134 autem
1109 3093 1162 3155 pro
1182 3093 1212 3134 se
1231 3074 1314 3153 quis·

171 3149 415 3232 quesanctorum
434 3151 465 3210 in
478 3149 536 3211 Dei
554 3151 689 3212 iudicium
709 3153 814 3234 prodit,
833 3155 919 3234 longe
938 3155 1049 3214 divorse
1068 3161 1113 3215 est
1132 3153 1220 3214 retice
1240 3153 1312 3235 quie

170 3236 242 3292 tunc
267 3229 384 3291 unicum
402 3228 458 3290 iliis
477 3229 592 3312 asylum
609 3237 741 3316 superest
758 3233 789 3294 in
807 3233 1000 3295 misericordia
1018 3231 1085 3296 Dei.

547 3328 550 3334 ¹
1074 3325 1080 3354 t

262 3461 317 3530 10.
338 3453 453 3526 Cesset
478 3479 597 3550 quaeso
626 3457 745 3528 malitie
773 3457 960 3551 impiorum,
988 3469 1021 3528 et
1042 3459 1155 3552 dirigas
1176 3460 1314 3530 iustum:

169 3561 408 3656 quiaprobune
435 3563 529 3632 eorda
551 3574 697 3634 eirenes
718 3555 809 3633 Deus
830 3566 942 3633 iustus.
977 3566 1030 3633 11.
1053 3565 1194 3658 Clypeus
1216 3591 1318 3635 meus

170 3691 268 3760 super
288 3668 415 3754 Deum,
438 3669 492 3760 qui
514 3679 619 3738 servet
639 3671 743 3738 rectos'
766 3671 869 3739 eorde.
917 3671 969 3740 12.
992 3671 1082 3740 Deus
1103 3673 1246 3744 iudicans
1268 3673 1314 3772 iu·

169 3783 272 3860 stum,
302 3785 336 3844 et
354 3785 608 3868 contemptorem
631 3775 693 3844 Dei
716 3777 865 3868 quotidie.
922 3805 924 3810 ’
1013 3799 1014 3802 ’

250 3947 299 4008 12.
321 3947 418 4007 Gestat
437 3969 554 4030 quceeo.
589 3945 673 4008 initio
719 3953 832 4008 reootm
855 3928 890 4010 ¹ut
908 3947 991 4010 Deus
1009 3950 1165 4030 impiorum
1184 3949 1325 4018 malitiae,

167 4023 287 4086 modum
310 4031 340 4086 et
367 4025 455 4086 finem
484 4026 627 4108 imponat,
659 3968 736 4086 nube
759 4031 903 4106 sequitur,
939 4030 1101 4108 diuturnum
1125 4051 1184 4090 nou
1200 4032 1312 4111 exigui

126 4125 129 4137 ¹
168 4104 304 4184 temporie
323 4103 410 4165 fuisse
428 4121 552 4200 crucem.
577 4101 650 4182 Aliis
670 4107 765 4186 potius
779 4107 896 4198 ‘videtur
910 4108 969 4169 dira
984 4129 1046 4170 erse
1060 4111 1238 4190 imprecatio,
1259 4113 1313 4192 qui

167 4183 1312 4340 mim³⁹²“iiiiii‘’iiiiiffPii⁰iind¹1⁰⁰ii¹i¹⁰i⁰o¹ii⁸i

167 4281 299 4424 ioqbnsbrbffi
315 4281 423 4424 egqiqq)
437 4348 613 4424 retorqueat
646 4341 716 4406 Mihi
740 4285 838 4406 tamqbb
856 4289 1253 4429 simpbeiurunfflodiii'detnr,
1279 4291 1313 4412 bb

875 2595 950 2658 Nam
974 2597 1042 2676 quie
1065 2613 1202 2677 personas
1230 2593 1310 2655 Deus
1415 2659 1416 2676 χ
