<?xml version="1.0" encoding="UTF-8"?>
<!DOCTYPE html PUBLIC "-//W3C//DTD XHTML 1.0 Transitional//EN"
    "http://www.w3.org/TR/xhtml1/DTD/xhtml1-transitional.dtd">
<html xmlns="http://www.w3.org/1999/xhtml" xml:lang="en" lang="en">
 <head>
  <title>
</title>
<meta http-equiv="Content-Type" content="text/html;charset=utf-8" />
  <meta name='ocr-system' content='tesseract 3.04.00' />
  <meta name='ocr-capabilities' content='ocr_page ocr_carea ocr_par ocr_line ocrx_word'/>
</head>
<body>
  <div class='ocr_page' id='page_1' title='image "./ioanniscalvinii03tholgoog_0582.png"; bbox 0 0 2726 4888; ppageno 0'>
   <div class='ocr_carea' id='block_1_1' title="bbox 266 249 1197 342">
    <p class='ocr_par' dir='ltr' id='par_1_1' title="bbox 266 249 1197 342">
     <span class='ocr_line' id='line_1_1' title="bbox 266 249 1197 342; baseline -0.006 -12"><span class='ocrx_word' id='word_1_1' title='bbox 266 324 270 338; x_wconf 92' lang='grc'>,</span> <span class='ocrx_word' id='word_1_2' title='bbox 347 249 351 258; x_wconf 43' lang='lat'><strong>⁴</strong></span> <span class='ocrx_word' id='word_1_3' title='bbox 445 259 789 332; x_wconf 68' lang='lat' dir='ltr'><strong>rnruuoucr‘ux.</strong></span> <span class='ocrx_word' id='word_1_4' title='bbox 1000 267 1007 278; x_wconf 91' lang='lat'>&#39;</span> <span class='ocrx_word' id='word_1_5' title='bbox 1145 283 1197 342; x_wconf 75' lang='lat'><strong>521</strong></span> 
     </span>
    </p>
   </div>
   <div class='ocr_carea' id='block_1_2' title="bbox 52 370 1331 943">
    <p class='ocr_par' dir='ltr' id='par_1_2' title="bbox 52 370 1331 891">
     <span class='ocr_line' id='line_1_2' title="bbox 53 370 1198 490; baseline -0.002 -18"><span class='ocrx_word' id='word_1_6' title='bbox 53 413 157 472; x_wconf 88' lang='lat' dir='ltr'><strong>lumen</strong></span> <span class='ocrx_word' id='word_1_7' title='bbox 177 409 272 472; x_wconf 88' lang='lat' dir='ltr'><strong>denuo</strong></span> <span class='ocrx_word' id='word_1_8' title='bbox 291 409 465 482; x_wconf 68' lang='lat' dir='ltr'><strong>accenditur,</strong></span> <span class='ocrx_word' id='word_1_9' title='bbox 484 415 518 470; x_wconf 88' lang='lat' dir='ltr'><strong>ut</strong></span> <span class='ocrx_word' id='word_1_10' title='bbox 536 370 751 490; x_wconf 81' lang='lat' dir='ltr'><strong>qnodommudo</strong></span> <span class='ocrx_word' id='word_1_11' title='bbox 770 409 931 472; x_wconf 76' lang='lat' dir='ltr'><strong>revivirout.</strong></span> <span class='ocrx_word' id='word_1_12' title='bbox 970 407 1089 470; x_wconf 85' lang='lat' dir='ltr'><strong>Modum</strong></span> <span class='ocrx_word' id='word_1_13' title='bbox 1109 411 1198 470; x_wconf 88' lang='lat' dir='ltr'><strong>contl-</strong></span> 
     </span>
     <span class='ocr_line' id='line_1_3' title="bbox 52 489 1290 588; baseline 0 -38"><span class='ocrx_word' id='word_1_14' title='bbox 52 511 117 586; x_wconf 76' lang='grc' dir='ltr'><strong>ιιι</strong></span> <span class='ocrx_word' id='word_1_15' title='bbox 135 497 213 588; x_wconf 39' lang='lat' dir='ltr'><strong>&#39;post</strong></span> <span class='ocrx_word' id='word_1_16' title='bbox 232 489 346 586; x_wconf 76' lang='lat' dir='ltr'><strong>delinit,</strong></span> <span class='ocrx_word' id='word_1_17' title='bbox 375 573 381 586; x_wconf 35' lang='grc' dir='ltr'>Ι</span> <span class='ocrx_word' id='word_1_18' title='bbox 405 491 456 586; x_wconf 39' lang='grc' dir='ltr'><strong>,οι</strong></span> <span class='ocrx_word' id='word_1_19' title='bbox 480 489 588 550; x_wconf 81' lang='lat' dir='ltr'><strong>scilicet</strong></span> <span class='ocrx_word' id='word_1_20' title='bbox 611 509 764 586; x_wconf 77' lang='lat' dir='ltr'><strong>commuue</strong></span> <span class='ocrx_word' id='word_1_21' title='bbox 789 489 844 585; x_wconf 77' lang='lat' dir='ltr'><strong>sihi</strong></span> <span class='ocrx_word' id='word_1_22' title='bbox 869 489 1072 586; x_wconf 70' lang='lat' dir='ltr'><strong>documeptupn</strong></span> <span class='ocrx_word' id='word_1_23' title='bbox 1091 491 1199 570; x_wconf 78' lang='lat' dir='ltr'><strong>gratiae</strong></span> <span class='ocrx_word' id='word_1_24' title='bbox 1287 525 1290 532; x_wconf 41' lang='grc' dir='ltr'><em>ν</em></span> 
     </span>
     <span class='ocr_line' id='line_1_4' title="bbox 53 561 1331 730; baseline -0.002 -22"><span class='ocrx_word' id='word_1_25' title='bbox 53 561 1200 730; x_wconf 64' lang='lat' dir='ltr'><strong>tuittutuo&#39;tttctnluuolsttcatt</strong></span> <span class='ocrx_word' id='word_1_26' title='bbox 1276 627 1331 706; x_wconf 21' lang='lat' dir='ltr'><strong>x.</strong></span> 
     </span>
     <span class='ocr_line' id='line_1_5' title="bbox 53 727 1237 891; baseline -0.001 -101"><span class='ocrx_word' id='word_1_27' title='bbox 53 728 492 891; x_wconf 49' lang='lat' dir='ltr'><strong>:tpppppmppipnupcppoelaerpplpp</strong></span> <span class='ocrx_word' id='word_1_28' title='bbox 515 731 578 810; x_wconf 80' lang='lat' dir='ltr'><strong>ipss</strong></span> <span class='ocrx_word' id='word_1_29' title='bbox 602 735 788 791; x_wconf 69' lang='lat' dir='ltr'><strong>monstrasset</strong></span> <span class='ocrx_word' id='word_1_30' title='bbox 814 749 846 791; x_wconf 90' lang='lat' dir='ltr'><strong>se</strong></span> <span class='ocrx_word' id='word_1_31' title='bbox 869 731 980 858; x_wconf 77' lang='lat' dir='ltr'><strong>miseris</strong></span> <span class='ocrx_word' id='word_1_32' title='bbox 1004 727 1200 856; x_wconf 71' lang='lat' dir='ltr'><strong>omuibusad</strong></span> <span class='ocrx_word' id='word_1_33' title='bbox 1232 809 1237 834; x_wconf 36' lang='grc' dir='ltr'><strong>ι</strong></span> 
     </span>
    </p>

    <p class='ocr_par' dir='ltr' id='par_1_3' title="bbox 372 897 382 943">
     <span class='ocr_line' id='line_1_6' title="bbox 372 897 382 943; baseline 0 0"><span class='ocrx_word' id='word_1_34' title='bbox 372 897 382 943; x_wconf 84' lang='grc' dir='ltr'><strong>ι</strong></span> 
     </span>
    </p>
   </div>
   <div class='ocr_carea' id='block_1_3' title="bbox 54 1042 1204 1564">
    <p class='ocr_par' dir='ltr' id='par_1_4' title="bbox 54 1042 1204 1564">
     <span class='ocr_line' id='line_1_7' title="bbox 147 1042 1202 1137; baseline 0.001 -25"><span class='ocrx_word' id='word_1_35' title='bbox 147 1045 203 1112; x_wconf 87' lang='grc'><strong>35.</strong></span> <span class='ocrx_word' id='word_1_36' title='bbox 224 1042 373 1114; x_wconf 79' lang='lat' dir='ltr'><strong>Laudent</strong></span> <span class='ocrx_word' id='word_1_37' title='bbox 392 1069 468 1122; x_wconf 78' lang='lat' dir='ltr'><strong>eum</strong></span> <span class='ocrx_word' id='word_1_38' title='bbox 490 1045 571 1114; x_wconf 87' lang='lat' dir='ltr'><strong>coeli</strong></span> <span class='ocrx_word' id='word_1_39' title='bbox 592 1055 727 1129; x_wconf 83' lang='lat' dir='ltr'><strong>etberto,</strong></span> <span class='ocrx_word' id='word_1_40' title='bbox 750 1044 856 1129; x_wconf 84' lang='lat' dir='ltr'><strong>merie,</strong></span> <span class='ocrx_word' id='word_1_41' title='bbox 878 1055 911 1113; x_wconf 89' lang='lat' dir='ltr'><strong>et</strong></span> <span class='ocrx_word' id='word_1_42' title='bbox 933 1045 1084 1136; x_wconf 83' lang='lat' dir='ltr'><strong>quicquid</strong></span> <span class='ocrx_word' id='word_1_43' title='bbox 1098 1053 1202 1137; x_wconf 87' lang='lat' dir='ltr'><strong>reptat</strong></span> 
     </span>
     <span class='ocr_line' id='line_1_8' title="bbox 55 1141 1202 1242; baseline 0.002 -24"><span class='ocrx_word' id='word_1_44' title='bbox 55 1152 92 1218; x_wconf 90' lang='lat' dir='ltr'><strong>in</strong></span> <span class='ocrx_word' id='word_1_45' title='bbox 117 1151 172 1220; x_wconf 87' lang='lat' dir='ltr'><strong>eis.</strong></span> <span class='ocrx_word' id='word_1_46' title='bbox 216 1141 271 1220; x_wconf 80' lang='lat'><strong>36.</strong></span> <span class='ocrx_word' id='word_1_47' title='bbox 305 1153 387 1240; x_wconf 84' lang='lat' dir='ltr'><strong>Quia</strong></span> <span class='ocrx_word' id='word_1_48' title='bbox 407 1151 499 1240; x_wconf 80' lang='lat' dir='ltr'><strong>Deus</strong></span> <span class='ocrx_word' id='word_1_49' title='bbox 521 1152 659 1220; x_wconf 80' lang='lat' dir='ltr'>servabit</span> <span class='ocrx_word' id='word_1_50' title='bbox 680 1151 771 1240; x_wconf 80' lang='lat' dir='ltr'><strong>Sion,</strong></span> <span class='ocrx_word' id='word_1_51' title='bbox 794 1163 827 1222; x_wconf 90' lang='lat' dir='ltr'><strong>et</strong></span> <span class='ocrx_word' id='word_1_52' title='bbox 847 1151 1021 1235; x_wconf 81' lang='lat' dir='ltr'><strong>aedificabit</strong></span> <span class='ocrx_word' id='word_1_53' title='bbox 1042 1149 1138 1242; x_wconf 77' lang='lat' dir='ltr'><strong>nrbes</strong></span> <span class='ocrx_word' id='word_1_54' title='bbox 1159 1150 1202 1220; x_wconf 81' lang='lat' dir='ltr'><strong>Io</strong></span> 
     </span>
     <span class='ocr_line' id='line_1_9' title="bbox 54 1255 1203 1343; baseline 0.001 -19"><span class='ocrx_word' id='word_1_55' title='bbox 54 1258 157 1343; x_wconf 83' lang='lat' dir='ltr'><strong>huda,</strong></span> <span class='ocrx_word' id='word_1_56' title='bbox 178 1267 210 1328; x_wconf 89' lang='lat' dir='ltr'><strong>ct</strong></span> <span class='ocrx_word' id='word_1_57' title='bbox 226 1255 411 1342; x_wconf 75' lang='lat' dir='ltr'><strong>habitabunt</strong></span> <span class='ocrx_word' id='word_1_58' title='bbox 425 1259 498 1342; x_wconf 88' lang='lat' dir='ltr'><strong>illic,</strong></span> <span class='ocrx_word' id='word_1_59' title='bbox 514 1269 547 1328; x_wconf 90' lang='lat' dir='ltr'><strong>et</strong></span> <span class='ocrx_word' id='word_1_60' title='bbox 562 1257 753 1328; x_wconf 86' lang='lat' dir='ltr'><strong>haereditate</strong></span> <span class='ocrx_word' id='word_1_61' title='bbox 769 1259 958 1328; x_wconf 87' lang='lat' dir='ltr'><strong>obtinebunt</strong></span> <span class='ocrx_word' id='word_1_62' title='bbox 969 1282 1054 1328; x_wconf 68' lang='lat' dir='ltr'><strong>carne</strong></span> <span class='ocrx_word' id='word_1_63' title='bbox 1082 1258 1137 1326; x_wconf 85' lang='lat'><strong>37.</strong></span> <span class='ocrx_word' id='word_1_64' title='bbox 1158 1255 1203 1325; x_wconf 87' lang='lat' dir='ltr'><strong>Et</strong></span> 
     </span>
     <span class='ocr_line' id='line_1_10' title="bbox 55 1363 1204 1458; baseline 0.001 -26"><span class='ocrx_word' id='word_1_65' title='bbox 55 1387 173 1434; x_wconf 86' lang='lat' dir='ltr'><strong>semen</strong></span> <span class='ocrx_word' id='word_1_66' title='bbox 194 1387 362 1449; x_wconf 78' lang='lat' dir='ltr'><strong>cervorum</strong></span> <span class='ocrx_word' id='word_1_67' title='bbox 382 1366 450 1437; x_wconf 84' lang='lat' dir='ltr'><strong>eius</strong></span> <span class='ocrx_word' id='word_1_68' title='bbox 472 1365 677 1436; x_wconf 73' lang='lat' dir='ltr'><strong>mereomio</strong></span> <span class='ocrx_word' id='word_1_69' title='bbox 698 1364 907 1458; x_wconf 85' lang='lat' dir='ltr'><strong>possidebunt</strong></span> <span class='ocrx_word' id='word_1_70' title='bbox 928 1387 1013 1434; x_wconf 86' lang='lat' dir='ltr'><strong>eam:</strong></span> <span class='ocrx_word' id='word_1_71' title='bbox 1035 1367 1068 1433; x_wconf 84' lang='lat' dir='ltr'><strong>et</strong></span> <span class='ocrx_word' id='word_1_72' title='bbox 1089 1363 1146 1456; x_wconf 85' lang='lat' dir='ltr'><strong>qui</strong></span> <span class='ocrx_word' id='word_1_73' title='bbox 1161 1363 1204 1448; x_wconf 77' lang='lat' dir='ltr'><strong>oi-</strong></span> 
     </span>
     <span class='ocr_line' id='line_1_11' title="bbox 55 1470 722 1564; baseline 0.006 -28"><span class='ocrx_word' id='word_1_74' title='bbox 55 1471 165 1564; x_wconf 82' lang='lat' dir='ltr'><strong>ligunt</strong></span> <span class='ocrx_word' id='word_1_75' title='bbox 186 1494 305 1540; x_wconf 86' lang='lat' dir='ltr'><strong>nornen</strong></span> <span class='ocrx_word' id='word_1_76' title='bbox 328 1470 406 1556; x_wconf 87' lang='lat' dir='ltr'><strong>eius,</strong></span> <span class='ocrx_word' id='word_1_77' title='bbox 426 1473 601 1540; x_wconf 85' lang='lat' dir='ltr'><strong>manebunt</strong></span> <span class='ocrx_word' id='word_1_78' title='bbox 621 1472 655 1538; x_wconf 92' lang='lat' dir='ltr'><strong>in</strong></span> <span class='ocrx_word' id='word_1_79' title='bbox 677 1495 722 1542; x_wconf 88' lang='lat' dir='ltr'><strong>ea.</strong></span> 
     </span>
    </p>
   </div>
   <div class='ocr_carea' id='block_1_4' title="bbox 45 1611 1205 1936">
    <p class='ocr_par' dir='ltr' id='par_1_5' title="bbox 45 1611 1205 1936">
     <span class='ocr_line' id='line_1_12' title="bbox 143 1611 1204 1698; baseline -0.005 -19"><span class='ocrx_word' id='word_1_80' title='bbox 143 1611 191 1680; x_wconf 74' lang='lat'><strong>85.</strong></span> <span class='ocrx_word' id='word_1_81' title='bbox 210 1619 515 1679; x_wconf 61' lang='lat' dir='ltr'><strong>heumanmus.</strong></span> <span class='ocrx_word' id='word_1_82' title='bbox 534 1615 723 1678; x_wconf 80' lang='lat' dir='ltr'><strong>ttincceruns</strong></span> <span class='ocrx_word' id='word_1_83' title='bbox 738 1616 804 1678; x_wconf 92' lang='lat' dir='ltr'><strong>colli</strong></span> <span class='ocrx_word' id='word_1_84' title='bbox 884 1621 1105 1698; x_wconf 77' lang='lat' dir='ltr'><strong>promptumest</strong></span> <span class='ocrx_word' id='word_1_85' title='bbox 1165 1613 1204 1674; x_wconf 92' lang='lat' dir='ltr'><strong>od</strong></span> 
     </span>
     <span class='ocr_line' id='line_1_13' title="bbox 59 1635 1205 1776; baseline -0.003 -19"><span class='ocrx_word' id='word_1_86' title='bbox 59 1697 240 1776; x_wconf 76' lang='lat' dir='ltr'><strong>anteattigi,</strong></span> <span class='ocrx_word' id='word_1_87' title='bbox 260 1696 402 1758; x_wconf 78' lang='lat' dir='ltr'><strong>Davidem</strong></span> <span class='ocrx_word' id='word_1_88' title='bbox 421 1697 452 1758; x_wconf 91' lang='lat' dir='ltr'><strong>in</strong></span> <span class='ocrx_word' id='word_1_89' title='bbox 471 1697 528 1758; x_wconf 90' lang='lat' dir='ltr'><strong>boc</strong></span> <span class='ocrx_word' id='word_1_90' title='bbox 546 1695 673 1773; x_wconf 83' lang='lat' dir='ltr'><strong>Psalmo,</strong></span> <span class='ocrx_word' id='word_1_91' title='bbox 692 1698 781 1758; x_wconf 83' lang='lat' dir='ltr'><strong>tetius</strong></span> <span class='ocrx_word' id='word_1_92' title='bbox 794 1635 939 1760; x_wconf 62' lang='lat' dir='ltr'><strong>ffiesiu‘e</strong></span> <span class='ocrx_word' id='word_1_93' title='bbox 958 1696 1046 1758; x_wconf 78' lang='grc' dir='ltr'>ῐιίιιι</span> <span class='ocrx_word' id='word_1_94' title='bbox 1065 1696 1205 1774; x_wconf 87' lang='lat' dir='ltr'><strong>iuterpre-</strong></span> 
     </span>
     <span class='ocr_line' id='line_1_14' title="bbox 58 1773 1203 1858; baseline -0.002 -22"><span class='ocrx_word' id='word_1_95' title='bbox 58 1785 140 1850; x_wconf 85' lang='lat' dir='ltr'><strong>tem,</strong></span> <span class='ocrx_word' id='word_1_96' title='bbox 156 1777 236 1856; x_wconf 82' lang='lat' dir='ltr'><strong>&#39;qnia</strong></span> <span class='ocrx_word' id='word_1_97' title='bbox 260 1795 338 1837; x_wconf 91' lang='lat' dir='ltr'><strong>nunc</strong></span> <span class='ocrx_word' id='word_1_98' title='bbox 362 1779 392 1838; x_wconf 90' lang='lat' dir='ltr'><strong>in</strong></span> <span class='ocrx_word' id='word_1_99' title='bbox 417 1795 480 1838; x_wconf 88' lang='lat' dir='ltr'><strong>cam</strong></span> <span class='ocrx_word' id='word_1_100' title='bbox 505 1775 641 1837; x_wconf 74' lang='lat' dir='ltr'>transfert</span> <span class='ocrx_word' id='word_1_101' title='bbox 665 1777 744 1858; x_wconf 82' lang='lat' dir='ltr'><strong>qdod</strong></span> <span class='ocrx_word' id='word_1_102' title='bbox 768 1776 805 1837; x_wconf 93' lang='lat' dir='ltr'><strong>de</strong></span> <span class='ocrx_word' id='word_1_103' title='bbox 828 1797 860 1836; x_wconf 87' lang='grc' dir='ltr'><strong>ιι</strong></span> <span class='ocrx_word' id='word_1_104' title='bbox 885 1775 1064 1858; x_wconf 68' lang='lat' dir='ltr'><strong>peculiariter</strong></span> <span class='ocrx_word' id='word_1_105' title='bbox 1084 1773 1203 1834; x_wconf 78' lang='lat' dir='ltr'><strong>dixerat.</strong></span> 
     </span>
     <span class='ocr_line' id='line_1_15' title="bbox 45 1852 1204 1936; baseline -0.002 -21"><span class='ocrx_word' id='word_1_106' title='bbox 45 1855 155 1936; x_wconf 79' lang='lat' dir='ltr'><strong>,Quod</strong></span> <span class='ocrx_word' id='word_1_107' title='bbox 174 1863 269 1916; x_wconf 87' lang='lat' dir='ltr'><strong>autem</strong></span> <span class='ocrx_word' id='word_1_108' title='bbox 290 1855 429 1916; x_wconf 84' lang='lat' dir='ltr'><strong>elementa</strong></span> <span class='ocrx_word' id='word_1_109' title='bbox 448 1875 532 1916; x_wconf 79' lang='lat' dir='ltr'><strong>sensu</strong></span> <span class='ocrx_word' id='word_1_110' title='bbox 552 1857 679 1917; x_wconf 87' lang='lat' dir='ltr'><strong>carentia</strong></span> <span class='ocrx_word' id='word_1_111' title='bbox 699 1856 830 1917; x_wconf 88' lang='lat' dir='ltr'><strong>hortatur</strong></span> <span class='ocrx_word' id='word_1_112' title='bbox 849 1853 885 1916; x_wconf 90' lang='lat' dir='ltr'><strong>ad</strong></span> <span class='ocrx_word' id='word_1_113' title='bbox 904 1853 1077 1916; x_wconf 89' lang='lat' dir='ltr'><strong>laudandum</strong></span> <span class='ocrx_word' id='word_1_114' title='bbox 1097 1852 1204 1927; x_wconf 89' lang='lat' dir='ltr'><strong>Deum,</strong></span> 
     </span>
    </p>
   </div>
   <div class='ocr_carea' id='block_1_5' title="bbox 40 1933 1321 2016">
    <p class='ocr_par' dir='ltr' id='par_1_6' title="bbox 40 1933 1321 2016">
     <span class='ocr_line' id='line_1_16' title="bbox 40 1933 1321 2016; baseline -0.002 -21"><span class='ocrx_word' id='word_1_115' title='bbox 40 1935 121 1996; x_wconf 76' lang='lat' dir='ltr'><strong>‘huo</strong></span> <span class='ocrx_word' id='word_1_116' title='bbox 144 1933 329 2016; x_wconf 77' lang='lat' dir='ltr'><strong>hyperbolica</strong></span> <span class='ocrx_word' id='word_1_117' title='bbox 352 1934 606 2016; x_wconf 80' lang='lat' dir='ltr'><strong>loquendtlorma</strong></span> <span class='ocrx_word' id='word_1_118' title='bbox 628 1935 753 1997; x_wconf 86' lang='lat' dir='ltr'><strong>ostendit</strong></span> <span class='ocrx_word' id='word_1_119' title='bbox 776 1955 836 1996; x_wconf 89' lang='lat' dir='ltr'><strong>nou</strong></span> <span class='ocrx_word' id='word_1_120' title='bbox 860 1937 929 1995; x_wconf 85' lang='lat' dir='ltr'><strong>setis</strong></span> <span class='ocrx_word' id='word_1_121' title='bbox 950 1935 1204 1995; x_wconf 63' lang='lat' dir='ltr'><strong>seriumne-msc</strong></span> <span class='ocrx_word' id='word_1_122' title='bbox 1284 1955 1287 1966; x_wconf 91' lang='lat'><strong>·</strong></span> <span class='ocrx_word' id='word_1_123' title='bbox 1317 1948 1321 1960; x_wconf 88' lang='lat'>·</span> 
     </span>
    </p>
   </div>
   <div class='ocr_carea' id='block_1_6' title="bbox 60 2005 1211 2653">
    <p class='ocr_par' dir='ltr' id='par_1_7' title="bbox 60 2005 1211 2653">
     <span class='ocr_line' id='line_1_17' title="bbox 63 2005 1204 2098; baseline -0.001 -23"><span class='ocrx_word' id='word_1_124' title='bbox 63 2017 206 2076; x_wconf 70' lang='lat' dir='ltr'><strong>animatos</strong></span> <span class='ocrx_word' id='word_1_125' title='bbox 226 2016 426 2095; x_wconf 78' lang='lat' dir='ltr'><strong>ard-canendas</strong></span> <span class='ocrx_word' id='word_1_126' title='bbox 443 2015 499 2076; x_wconf 89' lang='lat' dir='ltr'><strong>Dei</strong></span> <span class='ocrx_word' id='word_1_127' title='bbox 518 2015 633 2092; x_wconf 82' lang='lat' dir='ltr'><strong>laudes,</strong></span> <span class='ocrx_word' id='word_1_128' title='bbox 661 2034 785 2098; x_wconf 80' lang='lat' dir='ltr'><strong>quarum</strong></span> <span class='ocrx_word' id='word_1_129' title='bbox 809 2005 1101 2077; x_wconf 75' lang='lat' dir='ltr'><strong>immensiurrotim</strong></span> <span class='ocrx_word' id='word_1_130' title='bbox 1121 2033 1204 2074; x_wconf 92' lang='lat' dir='ltr'><strong>mun-</strong></span> 
     </span>
     <span class='ocr_line' id='line_1_18' title="bbox 64 2087 1204 2177; baseline -0.002 -23"><span class='ocrx_word' id='word_1_131' title='bbox 64 2096 135 2162; x_wconf 89' lang='lat' dir='ltr'><strong>dum</strong></span> <span class='ocrx_word' id='word_1_132' title='bbox 154 2102 278 2176; x_wconf 86' lang='lat' dir='ltr'><strong>superat,</strong></span> <span class='ocrx_word' id='word_1_133' title='bbox 298 2087 658 2177; x_wconf 77' lang='lat' dir='ltr'><strong>nisiadscendimussnpra</strong></span> <span class='ocrx_word' id='word_1_134' title='bbox 678 2115 777 2155; x_wconf 84' lang='lat' dir='ltr'><strong>sensus</strong></span> <span class='ocrx_word' id='word_1_135' title='bbox 796 2101 926 2156; x_wconf 81' lang='lat' dir='ltr'><strong>nostros:</strong></span> <span class='ocrx_word' id='word_1_136' title='bbox 947 2095 1117 2176; x_wconf 87' lang='lat' dir='ltr'><strong>praesertim·</strong></span> <span class='ocrx_word' id='word_1_137' title='bbox 1134 2111 1204 2152; x_wconf 83' lang='lat' dir='ltr'><strong>vcro</strong></span> 
     </span>
     <span class='ocr_line' id='line_1_19' title="bbox 64 2169 1206 2250; baseline -0.003 -16"><span class='ocrx_word' id='word_1_138' title='bbox 64 2175 146 2235; x_wconf 91' lang='lat' dir='ltr'><strong>hunc</strong></span> <span class='ocrx_word' id='word_1_139' title='bbox 164 2175 296 2236; x_wconf 81' lang='lat' dir='ltr'><strong>ardorem</strong></span> <span class='ocrx_word' id='word_1_140' title='bbox 313 2175 443 2236; x_wconf 78' lang='lat' dir='ltr'><strong>accendit</strong></span> <span class='ocrx_word' id='word_1_141' title='bbox 461 2177 491 2234; x_wconf 94' lang='lat' dir='ltr'><strong>iu</strong></span> <span class='ocrx_word' id='word_1_142' title='bbox 511 2175 598 2235; x_wconf 89' lang='lat' dir='ltr'><strong>corde</strong></span> <span class='ocrx_word' id='word_1_143' title='bbox 617 2173 747 2250; x_wconf 77' lang='lat' dir='ltr'><strong>Doridis,</strong></span> <span class='ocrx_word' id='word_1_144' title='bbox 765 2173 910 2238; x_wconf 82' lang='lat' dir='ltr'><strong>Ecclesiae</strong></span> <span class='ocrx_word' id='word_1_145' title='bbox 930 2174 1117 2235; x_wconf 81' lang='lat' dir='ltr'><strong>conservatio.</strong></span> <span class='ocrx_word' id='word_1_146' title='bbox 1143 2169 1206 2232; x_wconf 87' lang='lat' dir='ltr'><strong>Nec</strong></span> 
     </span>
     <span class='ocr_line' id='line_1_20' title="bbox 62 2251 1207 2336; baseline -0.005 -20"><span class='ocrx_word' id='word_1_147' title='bbox 62 2275 136 2316; x_wconf 83' lang='lat' dir='ltr'><strong>vero</strong></span> <span class='ocrx_word' id='word_1_148' title='bbox 156 2253 274 2315; x_wconf 86' lang='lat' dir='ltr'><strong>dubium</strong></span> <span class='ocrx_word' id='word_1_149' title='bbox 292 2261 338 2314; x_wconf 85' lang='lat' dir='ltr'><strong>ert</strong></span> <span class='ocrx_word' id='word_1_150' title='bbox 358 2257 427 2335; x_wconf 88' lang='lat' dir='ltr'><strong>quin</strong></span> <span class='ocrx_word' id='word_1_151' title='bbox 446 2251 556 2336; x_wconf 77' lang='lat' dir='ltr'><strong>Spiritu</strong></span> <span class='ocrx_word' id='word_1_152' title='bbox 575 2253 749 2336; x_wconf 88' lang='lat' dir='ltr'><strong>Propheticu</strong></span> <span class='ocrx_word' id='word_1_153' title='bbox 769 2255 937 2336; x_wconf 84' lang='lat' dir='ltr'><strong>complexus</strong></span> <span class='ocrx_word' id='word_1_154' title='bbox 963 2254 1000 2314; x_wconf 88' lang='lat' dir='ltr'><strong>sit</strong></span> <span class='ocrx_word' id='word_1_155' title='bbox 1019 2259 1114 2314; x_wconf 90' lang='lat' dir='ltr'><strong>totum</strong></span> <span class='ocrx_word' id='word_1_156' title='bbox 1133 2251 1207 2312; x_wconf 91' lang='lat' dir='ltr'><strong>illud</strong></span> 
     </span>
     <span class='ocr_line' id='line_1_21' title="bbox 60 2331 1206 2414; baseline -0.002 -20"><span class='ocrx_word' id='word_1_157' title='bbox 60 2343 181 2414; x_wconf 83' lang='lat' dir='ltr'><strong>tempus</strong></span> <span class='ocrx_word' id='word_1_158' title='bbox 201 2353 261 2414; x_wconf 87' lang='lat' dir='ltr'><strong>quc</strong></span> <span class='ocrx_word' id='word_1_159' title='bbox 273 2331 353 2395; x_wconf 86' lang='lat' dir='ltr'><strong>Deue</strong></span> <span class='ocrx_word' id='word_1_160' title='bbox 373 2353 492 2414; x_wconf 83' lang='lat' dir='ltr'><strong>regnum</strong></span> <span class='ocrx_word' id='word_1_161' title='bbox 512 2341 543 2394; x_wconf 88' lang='lat' dir='ltr'><strong>et</strong></span> <span class='ocrx_word' id='word_1_162' title='bbox 561 2335 751 2395; x_wconf 80' lang='lat' dir='ltr'><strong>sacerdotium</strong></span> <span class='ocrx_word' id='word_1_163' title='bbox 771 2335 802 2396; x_wconf 87' lang='lat' dir='ltr'><strong>in</strong></span> <span class='ocrx_word' id='word_1_164' title='bbox 821 2335 910 2394; x_wconf 81' lang='lat' dir='ltr'><strong>reteri</strong></span> <span class='ocrx_word' id='word_1_165' title='bbox 930 2333 1039 2414; x_wconf 90' lang='lat' dir='ltr'><strong>populo</strong></span> <span class='ocrx_word' id='word_1_166' title='bbox 1060 2339 1135 2392; x_wconf 78' lang='lat' dir='ltr'><strong>sture</strong></span> <span class='ocrx_word' id='word_1_167' title='bbox 1154 2349 1206 2392; x_wconf 85' lang='lat' dir='ltr'><strong>vu-</strong></span> 
     </span>
     <span class='ocr_line' id='line_1_22' title="bbox 60 2411 1211 2496; baseline -0.003 -21"><span class='ocrx_word' id='word_1_168' title='bbox 60 2415 130 2475; x_wconf 89' lang='lat' dir='ltr'><strong>luit.</strong></span> <span class='ocrx_word' id='word_1_169' title='bbox 171 2411 292 2476; x_wconf 88' lang='lat' dir='ltr'><strong>0rditnr</strong></span> <span class='ocrx_word' id='word_1_170' title='bbox 316 2420 412 2474; x_wconf 87' lang='lat' dir='ltr'><strong>tamen</strong></span> <span class='ocrx_word' id='word_1_171' title='bbox 437 2414 473 2474; x_wconf 90' lang='lat' dir='ltr'><strong>ab</strong></span> <span class='ocrx_word' id='word_1_172' title='bbox 497 2434 532 2474; x_wconf 89' lang='lat' dir='ltr'><strong>ca</strong></span> <span class='ocrx_word' id='word_1_173' title='bbox 555 2415 759 2478; x_wconf 81' lang='lat' dir='ltr'><strong>instauratione</strong></span> <span class='ocrx_word' id='word_1_174' title='bbox 783 2433 858 2496; x_wconf 85' lang='lat' dir='ltr'><strong>quae</strong></span> <span class='ocrx_word' id='word_1_175' title='bbox 882 2416 944 2475; x_wconf 87' lang='lat' dir='ltr'><strong>einr</strong></span> <span class='ocrx_word' id='word_1_176' title='bbox 965 2419 1100 2494; x_wconf 86' lang='lat' dir='ltr'><strong>opera-ct</strong></span> <span class='ocrx_word' id='word_1_177' title='bbox 1119 2413 1211 2472; x_wconf 88' lang='lat' dir='ltr'><strong>munu&#39;</strong></span> 
     </span>
     <span class='ocr_line' id='line_1_23' title="bbox 62 2491 1211 2575; baseline -0.003 -20"><span class='ocrx_word' id='word_1_178' title='bbox 62 2499 187 2575; x_wconf 86' lang='lat' dir='ltr'><strong>repente</strong></span> <span class='ocrx_word' id='word_1_179' title='bbox 205 2501 272 2573; x_wconf 86' lang='lat' dir='ltr'><strong>post</strong></span> <span class='ocrx_word' id='word_1_180' title='bbox 290 2493 528 2554; x_wconf 85' lang='lat' dir='ltr'><strong>murtem&#39;Saulis</strong></span> <span class='ocrx_word' id='word_1_181' title='bbox 548 2493 659 2570; x_wconf 81' lang='lat' dir='ltr'><strong>illuxit,</strong></span> <span class='ocrx_word' id='word_1_182' title='bbox 688 2513 778 2574; x_wconf 89' lang='lat' dir='ltr'><strong>quum</strong></span> <span class='ocrx_word' id='word_1_183' title='bbox 803 2495 897 2554; x_wconf 88' lang='lat' dir='ltr'><strong>tristis·</strong></span> <span class='ocrx_word' id='word_1_184' title='bbox 910 2493 1055 2574; x_wconf 81' lang='lat' dir='ltr'><strong>dissipatio</strong></span> <span class='ocrx_word' id='word_1_185' title='bbox 1085 2497 1145 2552; x_wconf 88' lang='lat' dir='ltr'><strong>tem</strong></span> <span class='ocrx_word' id='word_1_186' title='bbox 1165 2491 1211 2552; x_wconf 58' lang='lat' dir='ltr'><strong>dia</strong></span> 
     </span>
     <span class='ocr_line' id='line_1_24' title="bbox 63 2569 1207 2653; baseline -0.003 -19"><span class='ocrx_word' id='word_1_187' title='bbox 63 2575 127 2634; x_wconf 81' lang='lat' dir='ltr'><strong>viui</strong></span> <span class='ocrx_word' id='word_1_188' title='bbox 153 2573 247 2634; x_wconf 88' lang='lat' dir='ltr'><strong>cultus</strong></span> <span class='ocrx_word' id='word_1_189' title='bbox 270 2575 430 2648; x_wconf 88' lang='lat' dir='ltr'><strong>interitum,</strong></span> <span class='ocrx_word' id='word_1_190' title='bbox 460 2591 547 2653; x_wconf 87' lang='lat' dir='ltr'><strong>quam</strong></span> <span class='ocrx_word' id='word_1_191' title='bbox 576 2580 670 2635; x_wconf 87' lang='lat' dir='ltr'><strong>terrae</strong></span> <span class='ocrx_word' id='word_1_192' title='bbox 693 2576 857 2636; x_wconf 77' lang='lat' dir='ltr'><strong>vastitatem</strong></span> <span class='ocrx_word' id='word_1_193' title='bbox 880 2573 1068 2635; x_wconf 84' lang='lat' dir='ltr'><strong>minitaretur.</strong></span> <span class='ocrx_word' id='word_1_194' title='bbox 1108 2569 1207 2634; x_wconf 88' lang='lat' dir='ltr'><strong>Primo</strong></span> 
     </span>
    </p>
   </div>
   <div class='ocr_carea' id='block_1_7' title="bbox 63 2649 1322 2733">
    <p class='ocr_par' dir='ltr' id='par_1_8' title="bbox 63 2649 1322 2733">
     <span class='ocr_line' id='line_1_25' title="bbox 63 2649 1322 2733; baseline -0.002 -17"><span class='ocrx_word' id='word_1_195' title='bbox 63 2660 165 2716; x_wconf 84' lang='lat' dir='ltr'><strong>antem</strong></span> <span class='ocrx_word' id='word_1_196' title='bbox 185 2651 303 2716; x_wconf 87' lang='lat' dir='ltr'><strong>Sioucm</strong></span> <span class='ocrx_word' id='word_1_197' title='bbox 328 2653 395 2714; x_wconf 81' lang='lat' dir='ltr'><strong>dicit</strong></span> <span class='ocrx_word' id='word_1_198' title='bbox 419 2653 529 2714; x_wconf 83' lang='lat' dir='ltr'><strong>solvam</strong></span> <span class='ocrx_word' id='word_1_199' title='bbox 553 2652 629 2728; x_wconf 86' lang='lat' dir='ltr'><strong>sore,</strong></span> <span class='ocrx_word' id='word_1_200' title='bbox 655 2654 721 2733; x_wconf 86' lang='lat' dir='ltr'><strong>quic</strong></span> <span class='ocrx_word' id='word_1_201' title='bbox 742 2651 822 2714; x_wconf 83' lang='lat' dir='ltr'><strong>Deus</strong></span> <span class='ocrx_word' id='word_1_202' title='bbox 846 2653 942 2714; x_wconf 88' lang='lat' dir='ltr'><strong>locum</strong></span> <span class='ocrx_word' id='word_1_203' title='bbox 962 2653 993 2712; x_wconf 92' lang='lat' dir='ltr'><strong>iu</strong></span> <span class='ocrx_word' id='word_1_204' title='bbox 1013 2671 1071 2731; x_wconf 87' lang='lat' dir='ltr'><strong>quo</strong></span> <span class='ocrx_word' id='word_1_205' title='bbox 1091 2649 1209 2711; x_wconf 83' lang='lat' dir='ltr'><strong>volebat</strong></span> <span class='ocrx_word' id='word_1_206' title='bbox 1307 2683 1322 2714; x_wconf 62' lang='grc' dir='ltr'><strong>ι</strong></span> 
     </span>
    </p>
   </div>
   <div class='ocr_carea' id='block_1_8' title="bbox 62 2729 1281 4490">
    <p class='ocr_par' dir='ltr' id='par_1_9' title="bbox 62 2729 1281 3770">
     <span class='ocr_line' id='line_1_26' title="bbox 64 2729 1209 2814; baseline -0.003 -20"><span class='ocrx_word' id='word_1_207' title='bbox 64 2734 207 2807; x_wconf 77' lang='lat' dir='ltr'><strong>invocari,</strong></span> <span class='ocrx_word' id='word_1_208' title='bbox 226 2734 360 2808; x_wconf 84' lang='lat' dir='ltr'><strong>tuebitur,</strong></span> <span class='ocrx_word' id='word_1_209' title='bbox 380 2753 434 2792; x_wconf 88' lang='lat' dir='ltr'><strong>nec</strong></span> <span class='ocrx_word' id='word_1_210' title='bbox 454 2732 563 2793; x_wconf 88' lang='lat' dir='ltr'><strong>cultum</strong></span> <span class='ocrx_word' id='word_1_211' title='bbox 582 2751 644 2794; x_wconf 86' lang='lat' dir='ltr'><strong>sse</strong></span> <span class='ocrx_word' id='word_1_212' title='bbox 658 2735 864 2814; x_wconf 84' lang='lat' dir='ltr'><strong>praescriptum</strong></span> <span class='ocrx_word' id='word_1_213' title='bbox 879 2731 986 2794; x_wconf 81' lang='lat' dir='ltr'><strong>aboleri</strong></span> <span class='ocrx_word' id='word_1_214' title='bbox 1000 2734 1082 2792; x_wconf 87' lang='lat' dir='ltr'><strong>sinet.</strong></span> <span class='ocrx_word' id='word_1_215' title='bbox 1102 2729 1209 2792; x_wconf 78' lang='lat' dir='ltr'><strong>Postea</strong></span> 
     </span>
     <span class='ocr_line' id='line_1_27' title="bbox 65 2809 1212 2885; baseline -0.002 -11"><span class='ocrx_word' id='word_1_216' title='bbox 65 2813 106 2874; x_wconf 85' lang='lat' dir='ltr'><strong>ab</strong></span> <span class='ocrx_word' id='word_1_217' title='bbox 126 2813 203 2873; x_wconf 74' lang='lat' dir='ltr'><strong>nera</strong></span> <span class='ocrx_word' id='word_1_218' title='bbox 222 2813 345 2873; x_wconf 78' lang='lat' dir='ltr'><strong>foederis</strong></span> <span class='ocrx_word' id='word_1_219' title='bbox 365 2819 394 2872; x_wconf 90' lang='lat' dir='ltr'><strong>ct</strong></span> <span class='ocrx_word' id='word_1_220' title='bbox 413 2811 594 2885; x_wconf 80' lang='lat' dir='ltr'><strong>sanctuario,</strong></span> <span class='ocrx_word' id='word_1_221' title='bbox 613 2811 838 2873; x_wconf 83' lang='lat' dir='ltr'><strong>bencdicliuudm</strong></span> <span class='ocrx_word' id='word_1_222' title='bbox 857 2809 914 2872; x_wconf 88' lang='lat' dir='ltr'><strong>Dei</strong></span> <span class='ocrx_word' id='word_1_223' title='bbox 933 2811 971 2870; x_wconf 83' lang='lat' dir='ltr'><strong>ud</strong></span> <span class='ocrx_word' id='word_1_224' title='bbox 990 2818 1081 2871; x_wconf 83' lang='lat' dir='ltr'><strong>totum</strong></span> <span class='ocrx_word' id='word_1_225' title='bbox 1100 2817 1212 2878; x_wconf 74' lang='lat' dir='ltr'><strong>terram,</strong></span> 
     </span>
     <span class='ocr_line' id='line_1_28' title="bbox 62 2889 1208 2974; baseline -0.006 -18"><span class='ocrx_word' id='word_1_226' title='bbox 62 2892 211 2957; x_wconf 74' lang='lat' dir='ltr'><strong>extendit:</strong></span> <span class='ocrx_word' id='word_1_227' title='bbox 230 2895 299 2974; x_wconf 77' lang='lat' dir='ltr'><strong>quie</strong></span> <span class='ocrx_word' id='word_1_228' title='bbox 318 2893 348 2952; x_wconf 91' lang='lat' dir='ltr'><strong>in</strong></span> <span class='ocrx_word' id='word_1_229' title='bbox 367 2893 502 2973; x_wconf 74' lang='lat' dir='ltr'><strong>religione</strong></span> <span class='ocrx_word' id='word_1_230' title='bbox 521 2891 640 2954; x_wconf 77' lang='lat' dir='ltr'><strong>tundata</strong></span> <span class='ocrx_word' id='word_1_231' title='bbox 659 2899 721 2953; x_wconf 86' lang='lat' dir='ltr'><strong>erat</strong></span> <span class='ocrx_word' id='word_1_232' title='bbox 740 2893 840 2974; x_wconf 88' lang='lat' dir='ltr'><strong>populi</strong></span> <span class='ocrx_word' id='word_1_233' title='bbox 858 2891 998 2952; x_wconf 59' lang='lat' dir='ltr'><strong>felicitas.⁴</strong></span> <span class='ocrx_word' id='word_1_234' title='bbox 1011 2889 1147 2958; x_wconf 84' lang='lat' dir='ltr'><strong>Ceterum</strong></span> <span class='ocrx_word' id='word_1_235' title='bbox 1166 2892 1208 2949; x_wconf 89' lang='lat' dir='ltr'><strong>in-</strong></span> 
     </span>
     <span class='ocr_line' id='line_1_29' title="bbox 64 2969 1209 3066; baseline -0.003 -32"><span class='ocrx_word' id='word_1_236' title='bbox 64 2971 171 3066; x_wconf 64' lang='lat' dir='ltr'><strong>telligit</strong></span> <span class='ocrx_word' id='word_1_237' title='bbox 190 2973 375 3034; x_wconf 85' lang='lat' dir='ltr'><strong>mutationem</strong></span> <span class='ocrx_word' id='word_1_238' title='bbox 395 2975 425 3032; x_wconf 91' lang='lat' dir='ltr'><strong>in</strong></span> <span class='ocrx_word' id='word_1_239' title='bbox 444 2970 559 3046; x_wconf 83' lang='lat' dir='ltr'><strong>melius,</strong></span> <span class='ocrx_word' id='word_1_240' title='bbox 583 2991 641 3032; x_wconf 90' lang='lat' dir='ltr'><strong>non</strong></span> <span class='ocrx_word' id='word_1_241' title='bbox 666 2971 728 3032; x_wconf 82' lang='lat' dir='ltr'><strong>sore</strong></span> <span class='ocrx_word' id='word_1_242' title='bbox 752 2979 996 3045; x_wconf 86' lang='lat' dir='ltr'><strong>momentaneam,</strong></span> <span class='ocrx_word' id='word_1_243' title='bbox 1019 2969 1070 3030; x_wconf 85' lang='lat' dir='ltr'><strong>sed</strong></span> <span class='ocrx_word' id='word_1_244' title='bbox 1094 2971 1154 3030; x_wconf 89' lang='lat' dir='ltr'><strong>fixo</strong></span> <span class='ocrx_word' id='word_1_245' title='bbox 1179 2975 1209 3030; x_wconf 91' lang='lat' dir='ltr'><strong>ct</strong></span> 
     </span>
     <span class='ocr_line' id='line_1_30' title="bbox 66 3049 1281 3134; baseline -0.003 -21"><span class='ocrx_word' id='word_1_246' title='bbox 66 3049 240 3113; x_wconf 69' lang='lat' dir='ltr'><strong>stabilituri</strong></span> <span class='ocrx_word' id='word_1_247' title='bbox 266 3051 406 3133; x_wconf 88' lang='lat' dir='ltr'><strong>pracsidio</strong></span> <span class='ocrx_word' id='word_1_248' title='bbox 432 3071 547 3134; x_wconf 82' lang='lat' dir='ltr'><strong>semper</strong></span> <span class='ocrx_word' id='word_1_249' title='bbox 570 3051 734 3112; x_wconf 85' lang='lat' dir='ltr'><strong>incolumen</strong></span> <span class='ocrx_word' id='word_1_250' title='bbox 758 3053 824 3113; x_wconf 87' lang='lat' dir='ltr'><strong>fore</strong></span> <span class='ocrx_word' id='word_1_251' title='bbox 848 3049 996 3132; x_wconf 90' lang='lat' dir='ltr'><strong>populum.</strong></span> <span class='ocrx_word' id='word_1_252' title='bbox 1035 3049 1103 3110; x_wconf 90' lang='lat' dir='ltr'><strong>Ideo</strong></span> <span class='ocrx_word' id='word_1_253' title='bbox 1130 3051 1210 3130; x_wconf 76' lang='lat' dir='ltr'><strong>regui</strong></span> <span class='ocrx_word' id='word_1_254' title='bbox 1279 3121 1281 3126; x_wconf 68' lang='lat'>,</span> 
     </span>
     <span class='ocr_line' id='line_1_31' title="bbox 66 3127 1210 3212; baseline -0.003 -20"><span class='ocrx_word' id='word_1_255' title='bbox 66 3133 116 3192; x_wconf 86' lang='lat' dir='ltr'><strong>sui</strong></span> <span class='ocrx_word' id='word_1_256' title='bbox 127 3131 268 3212; x_wconf 75' lang='lat' dir='ltr'><strong>&#39;cuspidis</strong></span> <span class='ocrx_word' id='word_1_257' title='bbox 283 3149 351 3192; x_wconf 82' lang='lat' dir='ltr'><strong>vere</strong></span> <span class='ocrx_word' id='word_1_258' title='bbox 371 3133 510 3192; x_wconf 87' lang='lat' dir='ltr'><strong>sancitum</strong></span> <span class='ocrx_word' id='word_1_259' title='bbox 530 3149 593 3191; x_wconf 85' lang='lat' dir='ltr'><strong>esse</strong></span> <span class='ocrx_word' id='word_1_260' title='bbox 612 3131 696 3191; x_wconf 87' lang='lat' dir='ltr'><strong>docet</strong></span> <span class='ocrx_word' id='word_1_261' title='bbox 716 3132 794 3212; x_wconf 90' lang='lat' dir='ltr'><strong>qnod</strong></span> <span class='ocrx_word' id='word_1_262' title='bbox 813 3133 898 3192; x_wconf 87' lang='lat' dir='ltr'><strong>toties</strong></span> <span class='ocrx_word' id='word_1_263' title='bbox 908 3127 989 3190; x_wconf 87' lang='lat' dir='ltr'><strong>Deus</strong></span> <span class='ocrx_word' id='word_1_264' title='bbox 1007 3128 1124 3209; x_wconf 76' lang='lat' dir='ltr'><strong>inlege</strong></span> <span class='ocrx_word' id='word_1_265' title='bbox 1142 3141 1210 3210; x_wconf 73' lang='lat' dir='ltr'><strong>pro‘·</strong></span> 
     </span>
     <span class='ocr_line' id='line_1_32' title="bbox 65 3209 1210 3292; baseline 0 -22"><span class='ocrx_word' id='word_1_266' title='bbox 65 3213 202 3290; x_wconf 69' lang='grc' dir='ltr'>ιιὶιιιιι,</span> <span class='ocrx_word' id='word_1_267' title='bbox 231 3219 370 3292; x_wconf 81' lang='lat' dir='ltr'><strong>perpetuu</strong></span> <span class='ocrx_word' id='word_1_268' title='bbox 396 3213 503 3272; x_wconf 76' lang='lat' dir='ltr'><strong>sdlicet</strong></span> <span class='ocrx_word' id='word_1_269' title='bbox 526 3211 588 3270; x_wconf 85' lang='lat' dir='ltr'><strong>fore</strong></span> <span class='ocrx_word' id='word_1_270' title='bbox 612 3217 704 3271; x_wconf 86' lang='lat' dir='ltr'><strong>terrae</strong></span> <span class='ocrx_word' id='word_1_271' title='bbox 728 3213 803 3272; x_wconf 88' lang='lat' dir='ltr'><strong>illius</strong></span> <span class='ocrx_word' id='word_1_272' title='bbox 822 3210 968 3273; x_wconf 80' lang='lat' dir='ltr'><strong>haeredes.</strong></span> <span class='ocrx_word' id='word_1_273' title='bbox 1008 3209 1114 3288; x_wconf 86' lang='lat' dir='ltr'><strong>Quiete</strong></span> <span class='ocrx_word' id='word_1_274' title='bbox 1133 3211 1210 3270; x_wconf 89' lang='lat' dir='ltr'><strong>cuim</strong></span> 
     </span>
     <span class='ocr_line' id='line_1_33' title="bbox 67 3291 1209 3374; baseline -0.002 -22"><span class='ocrx_word' id='word_1_275' title='bbox 67 3292 157 3352; x_wconf 82' lang='lat' dir='ltr'><strong>static</strong></span> <span class='ocrx_word' id='word_1_276' title='bbox 177 3291 326 3374; x_wconf 88' lang='lat' dir='ltr'><strong>temporali</strong></span> <span class='ocrx_word' id='word_1_277' title='bbox 350 3291 474 3372; x_wconf 88' lang='lat' dir='ltr'><strong>hospitio</strong></span> <span class='ocrx_word' id='word_1_278' title='bbox 500 3309 540 3372; x_wconf 51' lang='lat' dir='ltr'><strong>op¹</strong></span> <span class='ocrx_word' id='word_1_279' title='bbox 560 3293 667 3352; x_wconf 88' lang='lat' dir='ltr'><strong>unitur:</strong></span> <span class='ocrx_word' id='word_1_280' title='bbox 698 3293 757 3351; x_wconf 85' lang='lat' dir='ltr'><strong>acsi</strong></span> <span class='ocrx_word' id='word_1_281' title='bbox 782 3292 901 3366; x_wconf 84' lang='lat' dir='ltr'><strong>diceret,</strong></span> <span class='ocrx_word' id='word_1_282' title='bbox 926 3292 982 3352; x_wconf 89' lang='lat' dir='ltr'><strong>iam</strong></span> <span class='ocrx_word' id='word_1_283' title='bbox 1007 3296 1102 3351; x_wconf 88' lang='lat' dir='ltr'><strong>erecto</strong></span> <span class='ocrx_word' id='word_1_284' title='bbox 1127 3307 1209 3350; x_wconf 87' lang='lat' dir='ltr'><strong>sacro</strong></span> 
     </span>
     <span class='ocr_line' id='line_1_34' title="bbox 69 3311 1212 3466; baseline 0.002 -35"><span class='ocrx_word' id='word_1_285' title='bbox 69 3371 147 3431; x_wconf 87' lang='lat' dir='ltr'><strong>solio</strong></span> <span class='ocrx_word' id='word_1_286' title='bbox 171 3361 281 3432; x_wconf 84' lang='lat' dir='ltr'><strong>venisse</strong></span> <span class='ocrx_word' id='word_1_287' title='bbox 304 3377 418 3466; x_wconf 88' lang='lat' dir='ltr'><strong>tempus</strong></span> <span class='ocrx_word' id='word_1_288' title='bbox 444 3391 502 3451; x_wconf 90' lang='lat' dir='ltr'><strong>quo</strong></span> <span class='ocrx_word' id='word_1_289' title='bbox 526 3311 578 3438; x_wconf 60' lang='lat' dir='ltr'><strong>dlii</strong></span> <span class='ocrx_word' id='word_1_290' title='bbox 602 3369 737 3456; x_wconf 84' lang='lat' dir='ltr'><strong>Abrahae</strong></span> <span class='ocrx_word' id='word_1_291' title='bbox 766 3371 874 3451; x_wconf 87' lang='lat' dir='ltr'><strong>absque</strong></span> <span class='ocrx_word' id='word_1_292' title='bbox 903 3370 1079 3453; x_wconf 79' lang='lat' dir='ltr'><strong>migrationis</strong></span> <span class='ocrx_word' id='word_1_293' title='bbox 1108 3371 1212 3442; x_wconf 73' lang='lat' dir='ltr'><strong>timore</strong></span> 
     </span>
     <span class='ocr_line' id='line_1_35' title="bbox 69 3450 1212 3532; baseline -0.001 -21"><span class='ocrx_word' id='word_1_294' title='bbox 69 3452 205 3512; x_wconf 71' lang='lat' dir='ltr'><strong>beentur</strong></span> <span class='ocrx_word' id='word_1_295' title='bbox 229 3452 324 3530; x_wconf 87' lang='lat' dir='ltr'><strong>quiete</strong></span> <span class='ocrx_word' id='word_1_296' title='bbox 348 3452 412 3510; x_wconf 77' lang='lat' dir='ltr'><strong>obt</strong></span> <span class='ocrx_word' id='word_1_297' title='bbox 425 3451 572 3532; x_wconf 89' lang='lat' dir='ltr'><strong>promissa.</strong></span> <span class='ocrx_word' id='word_1_298' title='bbox 613 3450 722 3511; x_wconf 87' lang='lat' dir='ltr'><strong>Ultimo</strong></span> <span class='ocrx_word' id='word_1_299' title='bbox 741 3469 827 3511; x_wconf 86' lang='lat' dir='ltr'><strong>versu</strong></span> <span class='ocrx_word' id='word_1_300' title='bbox 847 3450 882 3510; x_wconf 90' lang='lat' dir='ltr'><strong>ud</strong></span> <span class='ocrx_word' id='word_1_301' title='bbox 903 3451 1212 3510; x_wconf 82' lang='lat' dir='ltr'><strong>continuamuetutuur</strong></span> 
     </span>
     <span class='ocr_line' id='line_1_36' title="bbox 70 3529 1210 3612; baseline 0 -22"><span class='ocrx_word' id='word_1_302' title='bbox 70 3532 176 3591; x_wconf 83' lang='lat' dir='ltr'><strong>seriem</strong></span> <span class='ocrx_word' id='word_1_303' title='bbox 195 3531 224 3590; x_wconf 96' lang='lat' dir='ltr'><strong>id</strong></span> <span class='ocrx_word' id='word_1_304' title='bbox 243 3529 372 3590; x_wconf 85' lang='lat' dir='ltr'><strong>extendit</strong></span> <span class='ocrx_word' id='word_1_305' title='bbox 391 3537 425 3590; x_wconf 91' lang='lat' dir='ltr'><strong>ut</strong></span> <span class='ocrx_word' id='word_1_306' title='bbox 444 3537 540 3612; x_wconf 87' lang='lat' dir='ltr'><strong>patres</strong></span> <span class='ocrx_word' id='word_1_307' title='bbox 565 3529 645 3606; x_wconf 81' lang='lat' dir='ltr'><strong>liliis,</strong></span> <span class='ocrx_word' id='word_1_308' title='bbox 670 3530 720 3590; x_wconf 84' lang='lat' dir='ltr'><strong>tilii</strong></span> <span class='ocrx_word' id='word_1_309' title='bbox 741 3529 902 3612; x_wconf 66' lang='lat' dir='ltr'><strong>„nepotibus</strong></span> <span class='ocrx_word' id='word_1_310' title='bbox 928 3537 1074 3610; x_wconf 89' lang='lat' dir='ltr'><strong>acceptam</strong></span> <span class='ocrx_word' id='word_1_311' title='bbox 1100 3549 1210 3612; x_wconf 85' lang='lat' dir='ltr'><strong>pusses-</strong></span> 
     </span>
     <span class='ocr_line' id='line_1_37' title="bbox 71 3607 1212 3677; baseline 0 -7"><span class='ocrx_word' id='word_1_312' title='bbox 71 3613 189 3670; x_wconf 76' lang='lat' dir='ltr'><strong>cionem·</strong></span> <span class='ocrx_word' id='word_1_313' title='bbox 205 3610 241 3670; x_wconf 88' lang='lat' dir='ltr'><strong>de</strong></span> <span class='ocrx_word' id='word_1_314' title='bbox 260 3628 348 3669; x_wconf 85' lang='lat' dir='ltr'><strong>manu</strong></span> <span class='ocrx_word' id='word_1_315' title='bbox 366 3613 396 3670; x_wconf 91' lang='lat' dir='ltr'><strong>in</strong></span> <span class='ocrx_word' id='word_1_316' title='bbox 415 3619 532 3670; x_wconf 87' lang='lat' dir='ltr'><strong>manum</strong></span> <span class='ocrx_word' id='word_1_317' title='bbox 551 3610 674 3677; x_wconf 87' lang='lat' dir='ltr'><strong>tradant.</strong></span> <span class='ocrx_word' id='word_1_318' title='bbox 714 3607 789 3670; x_wconf 85' lang='lat' dir='ltr'><strong>Num</strong></span> <span class='ocrx_word' id='word_1_319' title='bbox 812 3609 903 3670; x_wconf 84' lang='lat' dir='ltr'><strong>solida</strong></span> <span class='ocrx_word' id='word_1_320' title='bbox 922 3608 1063 3670; x_wconf 87' lang='lat' dir='ltr'><strong>bonorum</strong></span> <span class='ocrx_word' id='word_1_321' title='bbox 1084 3612 1212 3672; x_wconf 84' lang='lat' dir='ltr'><strong>omnium</strong></span> 
     </span>
     <span class='ocr_line' id='line_1_38' title="bbox 128 3687 1213 3770; baseline 0.001 -21"><span class='ocrx_word' id='word_1_322' title='bbox 128 3691 250 3770; x_wconf 68' lang='lat' dir='ltr'><strong>petuitm</strong></span> <span class='ocrx_word' id='word_1_323' title='bbox 270 3689 386 3750; x_wconf 80' lang='lat' dir='ltr'><strong>Christo</strong></span> <span class='ocrx_word' id='word_1_324' title='bbox 405 3691 545 3764; x_wconf 85' lang='lat' dir='ltr'><strong>inuititur,</strong></span> <span class='ocrx_word' id='word_1_325' title='bbox 565 3691 648 3752; x_wconf 87' lang='lat' dir='ltr'><strong>cuius</strong></span> <span class='ocrx_word' id='word_1_326' title='bbox 666 3689 758 3770; x_wconf 78' lang='lat' dir='ltr'><strong>ligura</strong></span> <span class='ocrx_word' id='word_1_327' title='bbox 777 3696 837 3750; x_wconf 86' lang='lat' dir='ltr'><strong>erat</strong></span> <span class='ocrx_word' id='word_1_328' title='bbox 857 3687 961 3750; x_wconf 87' lang='lat' dir='ltr'><strong>David.</strong></span> <span class='ocrx_word' id='word_1_329' title='bbox 985 3689 1098 3762; x_wconf 82' lang='lat' dir='ltr'><strong>interea</strong></span> <span class='ocrx_word' id='word_1_330' title='bbox 1116 3695 1213 3750; x_wconf 80' lang='lat' dir='ltr'><strong>tomen</strong></span> 
     </span>
    </p>

    <p class='ocr_par' dir='ltr' id='par_1_10' title="bbox 71 3710 1259 4490">
     <span class='ocr_line' id='line_1_39' title="bbox 71 3710 1259 3850; baseline -0.002 -18"><span class='ocrx_word' id='word_1_331' title='bbox 71 3710 202 3832; x_wconf 55' lang='lat' dir='ltr'><strong>ffiritoc</strong></span> <span class='ocrx_word' id='word_1_332' title='bbox 225 3769 374 3842; x_wconf 84' lang='lat' dir='ltr'><strong>admonet,</strong></span> <span class='ocrx_word' id='word_1_333' title='bbox 403 3776 497 3830; x_wconf 80' lang='lat' dir='ltr'><strong>terroe</strong></span> <span class='ocrx_word' id='word_1_334' title='bbox 521 3769 637 3830; x_wconf 85' lang='lat' dir='ltr'><strong>demum</strong></span> <span class='ocrx_word' id='word_1_335' title='bbox 662 3769 797 3830; x_wconf 86' lang='lat' dir='ltr'><strong>haeredes</strong></span> <span class='ocrx_word' id='word_1_336' title='bbox 821 3769 884 3830; x_wconf 82' lang='lat' dir='ltr'><strong>iore</strong></span> <span class='ocrx_word' id='word_1_337' title='bbox 909 3772 959 3850; x_wconf 89' lang='lat' dir='ltr'><strong>qui</strong></span> <span class='ocrx_word' id='word_1_338' title='bbox 982 3769 1101 3850; x_wconf 77' lang='lat' dir='ltr'><strong>legitimi</strong></span> <span class='ocrx_word' id='word_1_339' title='bbox 1126 3775 1213 3830; x_wconf 88' lang='lat' dir='ltr'><strong>eruut</strong></span> <span class='ocrx_word' id='word_1_340' title='bbox 1251 3778 1259 3798; x_wconf 69' lang='lat'>⁸</span> 
     </span>
     <span class='ocr_line' id='line_1_40' title="bbox 71 3847 1215 3946; baseline -0.003 -32"><span class='ocrx_word' id='word_1_341' title='bbox 71 3849 208 3914; x_wconf 82' lang='lat' dir='ltr'><strong>Abrahae</strong></span> <span class='ocrx_word' id='word_1_342' title='bbox 227 3847 288 3910; x_wconf 89' lang='lat' dir='ltr'><strong>lilii.</strong></span> <span class='ocrx_word' id='word_1_343' title='bbox 327 3849 578 3910; x_wconf 85' lang='lat' dir='ltr'><strong>Blanditiasenim</strong></span> <span class='ocrx_word' id='word_1_344' title='bbox 601 3847 698 3910; x_wconf 81' lang='lat' dir='ltr'><strong>excoli</strong></span> <span class='ocrx_word' id='word_1_345' title='bbox 723 3849 854 3930; x_wconf 87' lang='lat' dir='ltr'><strong>oportuit</strong></span> <span class='ocrx_word' id='word_1_346' title='bbox 873 3849 1047 3946; x_wconf 68' lang='lat' dir='ltr'><strong>hypocritis,</strong></span> <span class='ocrx_word' id='word_1_347' title='bbox 1071 3849 1122 3930; x_wconf 90' lang='lat' dir='ltr'><strong>qni</strong></span> <span class='ocrx_word' id='word_1_348' title='bbox 1147 3849 1215 3910; x_wconf 78' lang='lat' dir='ltr'><strong>inuti</strong></span> 
     </span>
     <span class='ocr_line' id='line_1_41' title="bbox 71 3927 1212 4011; baseline -0.004 -19"><span class='ocrx_word' id='word_1_349' title='bbox 71 3930 138 3992; x_wconf 85' lang='lat' dir='ltr'><strong>solu</strong></span> <span class='ocrx_word' id='word_1_350' title='bbox 157 3930 412 4011; x_wconf 73' lang='lat' dir='ltr'><strong>generis-origiue,</strong></span> <span class='ocrx_word' id='word_1_351' title='bbox 437 3947 527 4008; x_wconf 86' lang='lat' dir='ltr'><strong>quum</strong></span> <span class='ocrx_word' id='word_1_352' title='bbox 547 3947 564 3988; x_wconf 91' lang='lat' dir='ltr'><strong>a</strong></span> <span class='ocrx_word' id='word_1_353' title='bbox 583 3928 640 3990; x_wconf 88' lang='lat' dir='ltr'><strong>tide</strong></span> <span class='ocrx_word' id='word_1_354' title='bbox 659 3927 997 4006; x_wconf 85' lang='lat' dir='ltr'><strong>Patrumdcscivrssent,</strong></span> <span class='ocrx_word' id='word_1_355' title='bbox 1021 3935 1127 3990; x_wconf 86' lang='lat' dir='ltr'><strong>terram</strong></span> <span class='ocrx_word' id='word_1_356' title='bbox 1145 3929 1212 3989; x_wconf 67' lang='lat' dir='ltr'><strong>hue·</strong></span> 
     </span>
     <span class='ocr_line' id='line_1_42' title="bbox 71 4007 1212 4090; baseline -0.004 -17"><span class='ocrx_word' id='word_1_357' title='bbox 71 4009 210 4073; x_wconf 77' lang='lat' dir='ltr'><strong>rediturio</strong></span> <span class='ocrx_word' id='word_1_358' title='bbox 229 4011 291 4070; x_wconf 86' lang='lat' dir='ltr'><strong>inre</strong></span> <span class='ocrx_word' id='word_1_359' title='bbox 310 4028 392 4068; x_wconf 82' lang='lat' dir='ltr'><strong>ruam</strong></span> <span class='ocrx_word' id='word_1_360' title='bbox 411 4027 474 4068; x_wconf 85' lang='lat' dir='ltr'><strong>esse</strong></span> <span class='ocrx_word' id='word_1_361' title='bbox 492 4027 641 4090; x_wconf 81' lang='lat' dir='ltr'><strong>perperam</strong></span> <span class='ocrx_word' id='word_1_362' title='bbox 659 4009 811 4070; x_wconf 85' lang='lat' dir='ltr'><strong>iactabant.</strong></span> <span class='ocrx_word' id='word_1_363' title='bbox 851 4007 992 4087; x_wconf 81' lang='lat' dir='ltr'><strong>Quamvis</strong></span> <span class='ocrx_word' id='word_1_364' title='bbox 1015 4015 1112 4074; x_wconf 80' lang='lat' dir='ltr'><strong>sutem</strong></span> <span class='ocrx_word' id='word_1_365' title='bbox 1136 4015 1212 4069; x_wconf 84' lang='lat' dir='ltr'><strong>terra</strong></span> 
     </span>
     <span class='ocr_line' id='line_1_43' title="bbox 71 4087 1212 4170; baseline -0.007 -18"><span class='ocrx_word' id='word_1_366' title='bbox 71 4091 127 4152; x_wconf 82' lang='lat' dir='ltr'><strong>illa</strong></span> <span class='ocrx_word' id='word_1_367' title='bbox 145 4106 237 4170; x_wconf 84' lang='lat' dir='ltr'><strong>usqne</strong></span> <span class='ocrx_word' id='word_1_368' title='bbox 255 4089 293 4150; x_wconf 80' lang='lat' dir='ltr'><strong>ad</strong></span> <span class='ocrx_word' id='word_1_369' title='bbox 312 4087 419 4149; x_wconf 81' lang='lat' dir='ltr'><strong>Christi</strong></span> <span class='ocrx_word' id='word_1_370' title='bbox 439 4088 592 4149; x_wconf 84' lang='lat' dir='ltr'><strong>adventum</strong></span> <span class='ocrx_word' id='word_1_371' title='bbox 611 4089 703 4149; x_wconf 84' lang='lat' dir='ltr'><strong>electo</strong></span> <span class='ocrx_word' id='word_1_372' title='bbox 728 4087 837 4170; x_wconf 91' lang='lat' dir='ltr'><strong>populo</strong></span> <span class='ocrx_word' id='word_1_373' title='bbox 862 4089 927 4149; x_wconf 85' lang='lat' dir='ltr'><strong>dela</strong></span> <span class='ocrx_word' id='word_1_374' title='bbox 952 4087 1054 4163; x_wconf 81' lang='lat' dir='ltr'><strong>fucrit,</strong></span> <span class='ocrx_word' id='word_1_375' title='bbox 1078 4091 1212 4150; x_wconf 72' lang='lat' dir='ltr'><strong>momine·</strong></span> 
     </span>
     <span class='ocr_line' id='line_1_44' title="bbox 72 4167 1214 4250; baseline -0.004 -18"><span class='ocrx_word' id='word_1_376' title='bbox 72 4171 168 4241; x_wconf 81' lang='lat' dir='ltr'><strong>rimus</strong></span> <span class='ocrx_word' id='word_1_377' title='bbox 191 4169 320 4228; x_wconf 84' lang='lat' dir='ltr'><strong>coelestis</strong></span> <span class='ocrx_word' id='word_1_378' title='bbox 343 4169 452 4250; x_wconf 78' lang='lat' dir='ltr'><strong>patriae</strong></span> <span class='ocrx_word' id='word_1_379' title='bbox 475 4167 567 4232; x_wconf 83' lang='lat' dir='ltr'><strong>fuisse</strong></span> <span class='ocrx_word' id='word_1_380' title='bbox 588 4169 768 4248; x_wconf 79' lang='lat' dir='ltr'><strong>symbolum,</strong></span> <span class='ocrx_word' id='word_1_381' title='bbox 796 4167 919 4249; x_wconf 88' lang='lat' dir='ltr'><strong>ideoque</strong></span> <span class='ocrx_word' id='word_1_382' title='bbox 943 4168 1040 4229; x_wconf 85' lang='lat' dir='ltr'><strong>verius</strong></span> <span class='ocrx_word' id='word_1_383' title='bbox 1069 4167 1154 4232; x_wconf 89' lang='lat' dir='ltr'><strong>hodie</strong></span> <span class='ocrx_word' id='word_1_384' title='bbox 1178 4186 1214 4228; x_wconf 89' lang='grc' dir='ltr'><strong>ιι</strong></span> 
     </span>
     <span class='ocr_line' id='line_1_45' title="bbox 73 4245 1213 4330; baseline -0.004 -21"><span class='ocrx_word' id='word_1_385' title='bbox 73 4247 196 4309; x_wconf 81' lang='lat' dir='ltr'><strong>solidius</strong></span> <span class='ocrx_word' id='word_1_386' title='bbox 214 4248 326 4328; x_wconf 86' lang='lat' dir='ltr'><strong>impleri</strong></span> <span class='ocrx_word' id='word_1_387' title='bbox 345 4248 424 4328; x_wconf 82' lang='lat' dir='ltr'><strong>quod</strong></span> <span class='ocrx_word' id='word_1_388' title='bbox 442 4247 490 4309; x_wconf 89' lang='lat' dir='ltr'><strong>hic</strong></span> <span class='ocrx_word' id='word_1_389' title='bbox 509 4247 642 4310; x_wconf 88' lang='lat' dir='ltr'><strong>scribitur</strong></span> <span class='ocrx_word' id='word_1_390' title='bbox 661 4249 697 4308; x_wconf 88' lang='lat' dir='ltr'><strong>dc</strong></span> <span class='ocrx_word' id='word_1_391' title='bbox 716 4245 860 4310; x_wconf 84' lang='lat' dir='ltr'><strong>Ecclesiae</strong></span> <span class='ocrx_word' id='word_1_392' title='bbox 879 4249 1068 4330; x_wconf 87' lang='lat' dir='ltr'><strong>protectione:</strong></span> <span class='ocrx_word' id='word_1_393' title='bbox 1093 4248 1160 4328; x_wconf 89' lang='lat' dir='ltr'><strong>quia</strong></span> <span class='ocrx_word' id='word_1_394' title='bbox 1179 4249 1213 4306; x_wconf 76' lang='lat' dir='ltr'><strong>u.</strong></span> 
     </span>
     <span class='ocr_line' id='line_1_46' title="bbox 73 4326 1213 4411; baseline 0 -21"><span class='ocrx_word' id='word_1_395' title='bbox 73 4327 216 4390; x_wconf 86' lang='lat' dir='ltr'><strong>mendum</strong></span> <span class='ocrx_word' id='word_1_396' title='bbox 239 4347 298 4387; x_wconf 91' lang='lat' dir='ltr'><strong>uon</strong></span> <span class='ocrx_word' id='word_1_397' title='bbox 322 4335 365 4388; x_wconf 85' lang='lat' dir='ltr'><strong>ert</strong></span> <span class='ocrx_word' id='word_1_398' title='bbox 389 4341 426 4389; x_wconf 89' lang='grc' dir='ltr'><strong>ιιι</strong></span> <span class='ocrx_word' id='word_1_399' title='bbox 444 4328 565 4390; x_wconf 78' lang='lat' dir='ltr'><strong>‚excidat</strong></span> <span class='ocrx_word' id='word_1_400' title='bbox 588 4327 741 4411; x_wconf 84' lang='lat' dir='ltr'><strong>spiritualis</strong></span> <span class='ocrx_word' id='word_1_401' title='bbox 765 4329 866 4410; x_wconf 86' lang='lat' dir='ltr'><strong>templi</strong></span> <span class='ocrx_word' id='word_1_402' title='bbox 895 4326 1068 4406; x_wconf 84' lang='lat' dir='ltr'><strong>aedificatio,</strong></span> <span class='ocrx_word' id='word_1_403' title='bbox 1096 4329 1127 4390; x_wconf 92' lang='lat' dir='ltr'><strong>iu</strong></span> <span class='ocrx_word' id='word_1_404' title='bbox 1155 4343 1213 4408; x_wconf 80' lang='lat' dir='ltr'><strong>qua</strong></span> 
     </span>
     <span class='ocr_line' id='line_1_47' title="bbox 76 4405 1172 4490; baseline -0.006 -18"><span class='ocrx_word' id='word_1_405' title='bbox 76 4408 210 4472; x_wconf 70' lang='lat' dir='ltr'><strong>ooclcdia</strong></span> <span class='ocrx_word' id='word_1_406' title='bbox 227 4405 286 4472; x_wconf 82' lang='lat' dir='ltr'><strong>Do</strong></span> <span class='ocrx_word' id='word_1_407' title='bbox 304 4408 395 4472; x_wconf 82' lang='lat' dir='ltr'><strong>virtus</strong></span> <span class='ocrx_word' id='word_1_408' title='bbox 414 4409 554 4490; x_wconf 77' lang='lat' dir='ltr'><strong>apperuit.</strong></span> <span class='ocrx_word' id='word_1_409' title='bbox 1169 4409 1172 4416; x_wconf 84' lang='lat'>&#39;</span> 
     </span>
    </p>
   </div>
   <div class='ocr_carea' id='block_1_9' title="bbox 0 0 1390 4888">
    <p class='ocr_par' dir='ltr' id='par_1_11' title="bbox 0 0 1390 4888">
     <span class='ocr_line' id='line_1_48' title="bbox 0 0 1390 4888; baseline 0 0"><span class='ocrx_word' id='word_1_410' title='bbox 0 0 1390 4888; x_wconf 95' lang='lat' dir='ltr'><strong> </strong></span> 
     </span>
    </p>
   </div>
  </div>
 </body>
</html>
