<?xml version="1.0" encoding="UTF-8"?>
<!DOCTYPE html PUBLIC "-//W3C//DTD XHTML 1.0 Transitional//EN"
    "http://www.w3.org/TR/xhtml1/DTD/xhtml1-transitional.dtd">
<html xmlns="http://www.w3.org/1999/xhtml" xml:lang="en" lang="en">
 <head>
  <title>
</title>
<meta http-equiv="Content-Type" content="text/html;charset=utf-8" />
  <meta name='ocr-system' content='tesseract 3.04.00' />
  <meta name='ocr-capabilities' content='ocr_page ocr_carea ocr_par ocr_line ocrx_word'/>
</head>
<body>
  <div class='ocr_page' id='page_1' title='image "./ioanniscalvinii03tholgoog_0179.png"; bbox 0 0 2818 4886; ppageno 0'>
   <div class='ocr_carea' id='block_1_1' title="bbox 156 225 904 309">
    <p class='ocr_par' dir='ltr' id='par_1_1' title="bbox 156 225 904 309">
     <span class='ocr_line' id='line_1_1' title="bbox 156 225 904 309; baseline 0.007 -26"><span class='ocrx_word' id='word_1_1' title='bbox 156 245 253 309; x_wconf 69' lang='lat'><strong>,160</strong></span> <span class='ocrx_word' id='word_1_2' title='bbox 579 225 904 290; x_wconf 71' lang='lat' dir='ltr'><strong>&#39;acauruus</strong></span> 
     </span>
    </p>
   </div>
   <div class='ocr_carea' id='block_1_2' title="bbox 56 369 1402 3311">
    <p class='ocr_par' dir='ltr' id='par_1_2' title="bbox 195 319 1402 930">
     <span class='ocr_line' id='line_1_2' title="bbox 203 369 1334 453; baseline -0.003 -15"><span class='ocrx_word' id='word_1_3' title='bbox 203 403 230 418; x_wconf 74' lang='lat'><strong>-‹</strong></span> <span class='ocrx_word' id='word_1_4' title='bbox 277 374 306 438; x_wconf 87' lang='lat'><strong>8·</strong></span> <span class='ocrx_word' id='word_1_5' title='bbox 329 375 436 434; x_wconf 74' lang='lat' dir='ltr'><strong>Omma</strong></span> <span class='ocrx_word' id='word_1_6' title='bbox 452 373 581 453; x_wconf 67' lang='grc' dir='ltr'><strong>υιᾱειτιιεΙ</strong></span> <span class='ocrx_word' id='word_1_7' title='bbox 599 395 652 434; x_wconf 76' lang='lat' dir='ltr'><strong>ou.</strong></span> <span class='ocrx_word' id='word_1_8' title='bbox 692 369 730 432; x_wconf 82' lang='lat' dir='ltr'><strong>Et</strong></span> <span class='ocrx_word' id='word_1_9' title='bbox 748 371 876 450; x_wconf 71' lang='lat' dir='ltr'><strong>exegesis</strong></span> <span class='ocrx_word' id='word_1_10' title='bbox 917 370 1233 446; x_wconf 64' lang='lat' dir='ltr'><strong>numismatorum,</strong></span> <span class='ocrx_word' id='word_1_11' title='bbox 1254 371 1334 434; x_wconf 81' lang='lat' dir='ltr'><strong>dixs-</strong></span> 
     </span>
     <span class='ocr_line' id='line_1_3' title="bbox 195 391 1402 535; baseline -0.002 -21"><span class='ocrx_word' id='word_1_12' title='bbox 195 457 242 514; x_wconf 88' lang='lat' dir='ltr'><strong>rat</strong></span> <span class='ocrx_word' id='word_1_13' title='bbox 265 471 295 512; x_wconf 86' lang='lat' dir='ltr'><strong>se</strong></span> <span class='ocrx_word' id='word_1_14' title='bbox 319 451 424 527; x_wconf 82' lang='lat' dir='ltr'><strong>infimis</strong></span> <span class='ocrx_word' id='word_1_15' title='bbox 471 449 626 535; x_wconf 86' lang='lat' dir='ltr'><strong>uibusque‚</strong></span> <span class='ocrx_word' id='word_1_16' title='bbox 650 457 681 511; x_wconf 90' lang='lat' dir='ltr'><strong>et</strong></span> <span class='ocrx_word' id='word_1_17' title='bbox 705 451 789 531; x_wconf 88' lang='lat' dir='ltr'><strong>quasi</strong></span> <span class='ocrx_word' id='word_1_18' title='bbox 812 391 915 531; x_wconf 71' lang='lat' dir='ltr'><strong>populi</strong></span> <span class='ocrx_word' id='word_1_19' title='bbox 940 449 1100 534; x_wconf 78' lang='lat' dir='ltr'><strong>quisquiliis</strong></span> <span class='ocrx_word' id='word_1_20' title='bbox 1124 469 1188 512; x_wconf 87' lang='lat' dir='ltr'><strong>esse</strong></span> <span class='ocrx_word' id='word_1_21' title='bbox 1213 451 1334 531; x_wconf 70' lang='lat' dir='ltr'><strong>probro:</strong></span> <span class='ocrx_word' id='word_1_22' title='bbox 1401 457 1402 472; x_wconf 65' lang='lat'>¹</span> 
     </span>
     <span class='ocr_line' id='line_1_4' title="bbox 196 527 1335 612; baseline 0 -20"><span class='ocrx_word' id='word_1_23' title='bbox 196 551 275 594; x_wconf 84' lang='lat' dir='ltr'><strong>nuuc</strong></span> <span class='ocrx_word' id='word_1_24' title='bbox 293 531 399 612; x_wconf 86' lang='lat' dir='ltr'><strong>quibus</strong></span> <span class='ocrx_word' id='word_1_25' title='bbox 419 551 438 590; x_wconf 92' lang='lat' dir='ltr'>v</span> <span class='ocrx_word' id='word_1_26' title='bbox 469 549 506 612; x_wconf 77' lang='lat' dir='ltr'><strong>go</strong></span> <span class='ocrx_word' id='word_1_27' title='bbox 526 527 644 595; x_wconf 84' lang='lat' dir='ltr'><strong>allectus</strong></span> <span class='ocrx_word' id='word_1_28' title='bbox 663 529 762 590; x_wconf 86' lang='lat' dir='ltr'><strong>suisset</strong></span> <span class='ocrx_word' id='word_1_29' title='bbox 782 527 895 610; x_wconf 88' lang='lat' dir='ltr'><strong>probris</strong></span> <span class='ocrx_word' id='word_1_30' title='bbox 914 531 1029 603; x_wconf 86' lang='lat' dir='ltr'><strong>recitat,</strong></span> <span class='ocrx_word' id='word_1_31' title='bbox 1048 549 1152 610; x_wconf 80' lang='lat' dir='ltr'>nempe</span> <span class='ocrx_word' id='word_1_32' title='bbox 1172 530 1253 610; x_wconf 81' lang='lat' dir='ltr'><strong>quod</strong></span> <span class='ocrx_word' id='word_1_33' title='bbox 1273 551 1335 592; x_wconf 88' lang='lat' dir='ltr'><strong>rer·</strong></span> 
     </span>
     <span class='ocr_line' id='line_1_5' title="bbox 196 607 1335 690; baseline -0.004 -18"><span class='ocrx_word' id='word_1_34' title='bbox 196 607 298 672; x_wconf 90' lang='lat' dir='ltr'><strong>borum</strong></span> <span class='ocrx_word' id='word_1_35' title='bbox 320 609 431 690; x_wconf 78' lang='lat' dir='ltr'><strong>probris</strong></span> <span class='ocrx_word' id='word_1_36' title='bbox 450 630 508 670; x_wconf 89' lang='lat' dir='ltr'><strong>non</strong></span> <span class='ocrx_word' id='word_1_37' title='bbox 528 610 671 684; x_wconf 85' lang='lat' dir='ltr'><strong>conteuti,</strong></span> <span class='ocrx_word' id='word_1_38' title='bbox 689 615 753 670; x_wconf 91' lang='lat' dir='ltr'><strong>tum</strong></span> <span class='ocrx_word' id='word_1_39' title='bbox 770 607 843 690; x_wconf 72' lang='lat' dir='ltr'><strong>lubia</strong></span> <span class='ocrx_word' id='word_1_40' title='bbox 864 607 1072 690; x_wconf 86' lang='lat' dir='ltr'><strong>protrahendo,</strong></span> <span class='ocrx_word' id='word_1_41' title='bbox 1095 616 1159 670; x_wconf 92' lang='lat' dir='ltr'><strong>tum</strong></span> <span class='ocrx_word' id='word_1_42' title='bbox 1178 611 1335 690; x_wconf 84' lang='lat' dir='ltr'><strong>quatiendo</strong></span> 
     </span>
     <span class='ocr_line' id='line_1_6' title="bbox 196 685 1336 772; baseline -0.004 -18"><span class='ocrx_word' id='word_1_43' title='bbox 196 692 302 772; x_wconf 79' lang='lat' dir='ltr'><strong>capita,</strong></span> <span class='ocrx_word' id='word_1_44' title='bbox 327 689 514 770; x_wconf 65' lang='lat' dir='ltr'><strong>petulantiam</strong></span> <span class='ocrx_word' id='word_1_45' title='bbox 536 691 566 750; x_wconf 87' lang='lat' dir='ltr'><strong>in</strong></span> <span class='ocrx_word' id='word_1_46' title='bbox 590 695 673 770; x_wconf 77' lang='lat' dir='ltr'><strong>gestu</strong></span> <span class='ocrx_word' id='word_1_47' title='bbox 696 690 760 770; x_wconf 86' lang='lat' dir='ltr'><strong>ipso</strong></span> <span class='ocrx_word' id='word_1_48' title='bbox 775 685 969 768; x_wconf 85' lang='lat' dir='ltr'><strong>prodiderint.</strong></span> <span class='ocrx_word' id='word_1_49' title='bbox 1010 685 1083 748; x_wconf 82' lang='lat' dir='ltr'><strong>Nara</strong></span> <span class='ocrx_word' id='word_1_50' title='bbox 1109 689 1189 768; x_wconf 87' lang='lat' dir='ltr'><strong>quod</strong></span> <span class='ocrx_word' id='word_1_51' title='bbox 1212 689 1336 770; x_wconf 77' lang='lat' dir='ltr'><strong>Aperite</strong></span> 
     </span>
     <span class='ocr_line' id='line_1_7' title="bbox 195 765 1336 850; baseline -0.001 -19"><span class='ocrx_word' id='word_1_52' title='bbox 195 771 226 831; x_wconf 94' lang='lat' dir='ltr'><strong>in</strong></span> <span class='ocrx_word' id='word_1_53' title='bbox 246 768 330 844; x_wconf 89' lang='lat' dir='ltr'><strong>labio,</strong></span> <span class='ocrx_word' id='word_1_54' title='bbox 350 787 403 847; x_wconf 92' lang='lat' dir='ltr'><strong>pro</strong></span> <span class='ocrx_word' id='word_1_55' title='bbox 423 769 546 844; x_wconf 78' lang='lat' dir='ltr'><strong>convitia</strong></span> <span class='ocrx_word' id='word_1_56' title='bbox 565 769 693 850; x_wconf 86' lang='lat' dir='ltr'><strong>prolerre</strong></span> <span class='ocrx_word' id='word_1_57' title='bbox 712 765 828 848; x_wconf 87' lang='lat' dir='ltr'><strong>quidam</strong></span> <span class='ocrx_word' id='word_1_58' title='bbox 842 773 999 850; x_wconf 73' lang='lat' dir='ltr'><strong>exponunt,</strong></span> <span class='ocrx_word' id='word_1_59' title='bbox 1019 765 1088 828; x_wconf 88' lang='lat' dir='ltr'><strong>mibi</strong></span> <span class='ocrx_word' id='word_1_60' title='bbox 1102 787 1259 850; x_wconf 79' lang='lat' dir='ltr'><strong>congruere</strong></span> <span class='ocrx_word' id='word_1_61' title='bbox 1275 790 1336 830; x_wconf 87' lang='lat' dir='ltr'><strong>noo</strong></span> 
     </span>
     <span class='ocr_line' id='line_1_8' title="bbox 195 843 1336 930; baseline -0.002 -20"><span class='ocrx_word' id='word_1_62' title='bbox 195 849 322 910; x_wconf 80' lang='lat' dir='ltr'><strong>videtur:</strong></span> <span class='ocrx_word' id='word_1_63' title='bbox 341 850 459 916; x_wconf 77' lang='lat' dir='ltr'><strong>:tenim</strong></span> <span class='ocrx_word' id='word_1_64' title='bbox 479 868 687 930; x_wconf 86' lang='lat' dir='ltr'><strong>supervacuum</strong></span> <span class='ocrx_word' id='word_1_65' title='bbox 706 853 765 922; x_wconf 84' lang='lat' dir='ltr'><strong>est,</strong></span> <span class='ocrx_word' id='word_1_66' title='bbox 786 853 818 906; x_wconf 89' lang='lat' dir='ltr'><strong>ut</strong></span> <span class='ocrx_word' id='word_1_67' title='bbox 837 867 923 928; x_wconf 85' lang='lat' dir='ltr'><strong>saepe</strong></span> <span class='ocrx_word' id='word_1_68' title='bbox 942 845 1019 928; x_wconf 89' lang='lat' dir='ltr'><strong>apud</strong></span> <span class='ocrx_word' id='word_1_69' title='bbox 1038 843 1194 908; x_wconf 88' lang='lat' dir='ltr'><strong>Hebraeos.</strong></span> <span class='ocrx_word' id='word_1_70' title='bbox 1234 847 1336 928; x_wconf 83' lang='lat' dir='ltr'><strong>ltaque</strong></span> 
     </span>
    </p>

    <p class='ocr_par' dir='ltr' id='par_1_3' title="bbox 82 925 1336 1405">
     <span class='ocr_line' id='line_1_9' title="bbox 82 925 1336 1020; baseline -0.003 -30"><span class='ocrx_word' id='word_1_71' title='bbox 82 974 84 984; x_wconf 88' lang='lat'>.</span> <span class='ocrx_word' id='word_1_72' title='bbox 196 935 310 1010; x_wconf 65' lang='lat' dir='ltr'><strong>uertere</strong></span> <span class='ocrx_word' id='word_1_73' title='bbox 327 929 445 1010; x_wconf 87' lang='lat' dir='ltr'><strong>placuit,</strong></span> <span class='ocrx_word' id='word_1_74' title='bbox 464 931 606 989; x_wconf 76' lang='lat' dir='ltr'><strong>diducunt</strong></span> <span class='ocrx_word' id='word_1_75' title='bbox 626 927 750 1000; x_wconf 74' lang='lat' dir='ltr'><strong>uuum,</strong></span> <span class='ocrx_word' id='word_1_76' title='bbox 771 929 838 1008; x_wconf 84' lang='lat' dir='ltr'><strong>quia</strong></span> <span class='ocrx_word' id='word_1_77' title='bbox 856 925 903 988; x_wconf 89' lang='lat' dir='ltr'><strong>bic</strong></span> <span class='ocrx_word' id='word_1_78' title='bbox 923 933 1019 1008; x_wconf 76' lang='lat' dir='ltr'><strong>gestus</strong></span> <span class='ocrx_word' id='word_1_79' title='bbox 1039 933 1084 988; x_wconf 86' lang='lat' dir='ltr'><strong>est</strong></span> <span class='ocrx_word' id='word_1_80' title='bbox 1100 925 1198 1020; x_wconf 84' lang='lat' dir='ltr'><strong>palam</strong></span> <span class='ocrx_word' id='word_1_81' title='bbox 1217 933 1249 988; x_wconf 86' lang='lat' dir='ltr'><strong>et</strong></span> <span class='ocrx_word' id='word_1_82' title='bbox 1267 947 1336 988; x_wconf 89' lang='lat' dir='ltr'><strong>con-</strong></span> 
     </span>
     <span class='ocr_line' id='line_1_10' title="bbox 195 1005 1335 1088; baseline -0.004 -18"><span class='ocrx_word' id='word_1_83' title='bbox 195 1007 348 1084; x_wconf 71' lang='lat' dir='ltr'><strong>tumeliose</strong></span> <span class='ocrx_word' id='word_1_84' title='bbox 368 1008 557 1072; x_wconf 80' lang='lat' dir='ltr'><strong>illudentium.</strong></span> <span class='ocrx_word' id='word_1_85' title='bbox 582 1007 642 1068; x_wconf 86' lang='lat' dir='ltr'><strong>Sed</strong></span> <span class='ocrx_word' id='word_1_86' title='bbox 682 1005 740 1066; x_wconf 94' lang='lat' dir='ltr'><strong>uod</strong></span> <span class='ocrx_word' id='word_1_87' title='bbox 758 1007 896 1086; x_wconf 81' lang='lat' dir='ltr'><strong>sequitur,</strong></span> <span class='ocrx_word' id='word_1_88' title='bbox 915 1007 999 1086; x_wconf 77' lang='lat' dir='ltr'><strong>longe</strong></span> <span class='ocrx_word' id='word_1_89' title='bbox 1018 1013 1143 1066; x_wconf 73' lang='lat' dir='ltr'><strong>atrocius</strong></span> <span class='ocrx_word' id='word_1_90' title='bbox 1157 1007 1222 1082; x_wconf 75' lang='lat' dir='ltr'><strong>fuir,</strong></span> <span class='ocrx_word' id='word_1_91' title='bbox 1243 1019 1335 1088; x_wconf 74' lang='lat' dir='ltr'><strong>quum</strong></span> 
     </span>
     <span class='ocr_line' id='line_1_11' title="bbox 196 1027 1335 1168; baseline 0 -22"><span class='ocrx_word' id='word_1_92' title='bbox 196 1085 362 1160; x_wconf 70' lang='lat' dir='ltr'><strong>obiicerent,</strong></span> <span class='ocrx_word' id='word_1_93' title='bbox 382 1085 478 1150; x_wconf 89' lang='lat' dir='ltr'><strong>Deum</strong></span> <span class='ocrx_word' id='word_1_94' title='bbox 497 1106 585 1168; x_wconf 88' lang='lat' dir='ltr'><strong>quem</strong></span> <span class='ocrx_word' id='word_1_95' title='bbox 600 1027 779 1165; x_wconf 59' lang='lat' dir='ltr'><strong>sibibatrem</strong></span> <span class='ocrx_word' id='word_1_96' title='bbox 792 1084 938 1166; x_wconf 85' lang='lat' dir='ltr'><strong>professus</strong></span> <span class='ocrx_word' id='word_1_97' title='bbox 952 1086 1045 1146; x_wconf 86' lang='lat' dir='ltr'><strong>luerat</strong></span> <span class='ocrx_word' id='word_1_98' title='bbox 1074 1083 1110 1146; x_wconf 90' lang='lat' dir='ltr'><strong>ab</strong></span> <span class='ocrx_word' id='word_1_99' title='bbox 1126 1105 1160 1146; x_wconf 89' lang='lat' dir='ltr'><strong>co</strong></span> <span class='ocrx_word' id='word_1_100' title='bbox 1176 1099 1241 1146; x_wconf 82' lang='lat' dir='ltr'><strong>este</strong></span> <span class='ocrx_word' id='word_1_101' title='bbox 1254 1105 1335 1147; x_wconf 77' lang='lat' dir='ltr'><strong>aver·</strong></span> 
     </span>
     <span class='ocr_line' id='line_1_12' title="bbox 196 1129 1335 1240; baseline -0.003 -11"><span class='ocrx_word' id='word_1_102' title='bbox 196 1185 271 1229; x_wconf 78' lang='lat' dir='ltr'><strong>eum.</strong></span> <span class='ocrx_word' id='word_1_103' title='bbox 310 1165 424 1230; x_wconf 83' lang='lat' dir='ltr'><strong>Scimus</strong></span> <span class='ocrx_word' id='word_1_104' title='bbox 444 1168 520 1228; x_wconf 88' lang='lat' dir='ltr'><strong>caim</strong></span> <span class='ocrx_word' id='word_1_105' title='bbox 538 1163 696 1240; x_wconf 78' lang='lat' dir='ltr'><strong>Davidem,</strong></span> <span class='ocrx_word' id='word_1_106' title='bbox 719 1164 769 1226; x_wconf 89' lang='lat' dir='ltr'><strong>ubi</strong></span> <span class='ocrx_word' id='word_1_107' title='bbox 794 1183 825 1225; x_wconf 88' lang='lat' dir='ltr'><strong>se</strong></span> <span class='ocrx_word' id='word_1_108' title='bbox 843 1165 948 1226; x_wconf 89' lang='lat' dir='ltr'><strong>iniuste</strong></span> <span class='ocrx_word' id='word_1_109' title='bbox 967 1129 1095 1226; x_wconf 83' lang='lat' dir='ltr'><strong>damdari</strong></span> <span class='ocrx_word' id='word_1_110' title='bbox 1114 1165 1143 1226; x_wconf 91' lang='lat' dir='ltr'><strong>in</strong></span> <span class='ocrx_word' id='word_1_111' title='bbox 1162 1165 1274 1228; x_wconf 88' lang='lat' dir='ltr'><strong>mundo</strong></span> <span class='ocrx_word' id='word_1_112' title='bbox 1294 1167 1335 1226; x_wconf 84' lang='lat' dir='ltr'><strong>ri-</strong></span> 
     </span>
     <span class='ocr_line' id='line_1_13' title="bbox 196 1243 1335 1326; baseline 0 -20"><span class='ocrx_word' id='word_1_113' title='bbox 196 1243 295 1321; x_wconf 86' lang='lat' dir='ltr'><strong>debat,</strong></span> <span class='ocrx_word' id='word_1_114' title='bbox 316 1245 374 1308; x_wconf 91' lang='lat' dir='ltr'><strong>buo</strong></span> <span class='ocrx_word' id='word_1_115' title='bbox 393 1247 546 1326; x_wconf 77' lang='lat' dir='ltr'><strong>confugere</strong></span> <span class='ocrx_word' id='word_1_116' title='bbox 565 1246 694 1319; x_wconf 88' lang='lat' dir='ltr'><strong>solitum,</strong></span> <span class='ocrx_word' id='word_1_117' title='bbox 718 1251 751 1306; x_wconf 90' lang='lat' dir='ltr'><strong>ut</strong></span> <span class='ocrx_word' id='word_1_118' title='bbox 769 1243 822 1305; x_wconf 84' lang='lat' dir='ltr'><strong>sibi</strong></span> <span class='ocrx_word' id='word_1_119' title='bbox 841 1243 913 1306; x_wconf 88' lang='lat' dir='ltr'><strong>bane</strong></span> <span class='ocrx_word' id='word_1_120' title='bbox 933 1245 1078 1318; x_wconf 83' lang='lat' dir='ltr'><strong>conscius,</strong></span> <span class='ocrx_word' id='word_1_121' title='bbox 1097 1243 1335 1314; x_wconf 18' lang='lat' dir='ltr'><strong>Deomlbaberet</strong></span> 
     </span>
     <span class='ocr_line' id='line_1_14' title="bbox 194 1323 1334 1405; baseline 0 -21"><span class='ocrx_word' id='word_1_122' title='bbox 194 1325 225 1386; x_wconf 90' lang='lat' dir='ltr'><strong>iu</strong></span> <span class='ocrx_word' id='word_1_123' title='bbox 250 1325 331 1386; x_wconf 88' lang='lat' dir='ltr'><strong>coelo</strong></span> <span class='ocrx_word' id='word_1_124' title='bbox 357 1327 508 1388; x_wconf 85' lang='lat' dir='ltr'><strong>vindicem.</strong></span> <span class='ocrx_word' id='word_1_125' title='bbox 548 1323 633 1386; x_wconf 88' lang='lat' dir='ltr'><strong>Nunc</strong></span> <span class='ocrx_word' id='word_1_126' title='bbox 656 1325 698 1388; x_wconf 80' lang='lat' dir='ltr'><strong>uti</strong></span> <span class='ocrx_word' id='word_1_127' title='bbox 716 1323 890 1405; x_wconf 81' lang='lat' dir='ltr'><strong>exprobrant</strong></span> <span class='ocrx_word' id='word_1_128' title='bbox 909 1343 1021 1397; x_wconf 79' lang='lat' dir='ltr'><strong>omnes,</strong></span> <span class='ocrx_word' id='word_1_129' title='bbox 1045 1325 1122 1398; x_wconf 86' lang='lat' dir='ltr'><strong>ipaui</strong></span> <span class='ocrx_word' id='word_1_130' title='bbox 1140 1323 1274 1386; x_wconf 83' lang='lat' dir='ltr'><strong>iactantia</strong></span> <span class='ocrx_word' id='word_1_131' title='bbox 1295 1332 1334 1384; x_wconf 86' lang='lat' dir='ltr'><strong>te-</strong></span> 
     </span>
    </p>

    <p class='ocr_par' dir='ltr' id='par_1_4' title="bbox 91 1399 1402 2204">
     <span class='ocr_line' id='line_1_15' title="bbox 91 1399 1336 1486; baseline 0.001 -21"><span class='ocrx_word' id='word_1_132' title='bbox 91 1415 95 1428; x_wconf 86' lang='grc'><strong>“</strong></span> <span class='ocrx_word' id='word_1_133' title='bbox 197 1423 276 1465; x_wconf 86' lang='lat' dir='ltr'><strong>mers</strong></span> <span class='ocrx_word' id='word_1_134' title='bbox 296 1405 448 1486; x_wconf 77' lang='lat' dir='ltr'><strong>gloriatum</strong></span> <span class='ocrx_word' id='word_1_135' title='bbox 467 1425 530 1466; x_wconf 84' lang='lat' dir='ltr'><strong>esse</strong></span> <span class='ocrx_word' id='word_1_136' title='bbox 549 1405 585 1466; x_wconf 89' lang='lat' dir='ltr'><strong>de</strong></span> <span class='ocrx_word' id='word_1_137' title='bbox 604 1405 710 1466; x_wconf 85' lang='lat' dir='ltr'><strong>auxilio</strong></span> <span class='ocrx_word' id='word_1_138' title='bbox 729 1401 799 1464; x_wconf 88' lang='lat' dir='ltr'><strong>Dei:</strong></span> <span class='ocrx_word' id='word_1_139' title='bbox 819 1401 875 1464; x_wconf 90' lang='lat' dir='ltr'><strong>Ubi</strong></span> <span class='ocrx_word' id='word_1_140' title='bbox 894 1409 937 1465; x_wconf 89' lang='lat' dir='ltr'><strong>est</strong></span> <span class='ocrx_word' id='word_1_141' title='bbox 956 1403 1003 1464; x_wconf 91' lang='lat' dir='ltr'><strong>ille</strong></span> <span class='ocrx_word' id='word_1_142' title='bbox 1022 1399 1117 1478; x_wconf 85' lang='lat' dir='ltr'><strong>Dens,</strong></span> <span class='ocrx_word' id='word_1_143' title='bbox 1135 1405 1286 1484; x_wconf 85' lang='lat' dir='ltr'><strong>inquiunt,</strong></span> <span class='ocrx_word' id='word_1_144' title='bbox 1304 1405 1336 1466; x_wconf 89' lang='lat' dir='ltr'><strong>in</strong></span> 
     </span>
     <span class='ocr_line' id='line_1_16' title="bbox 195 1480 1336 1622; baseline 0 -78"><span class='ocrx_word' id='word_1_145' title='bbox 195 1500 284 1566; x_wconf 79' lang='lat' dir='ltr'><strong>quem</strong></span> <span class='ocrx_word' id='word_1_146' title='bbox 308 1485 461 1546; x_wconf 74' lang='lat' dir='ltr'><strong>recubuit‘t&#39;</strong></span> <span class='ocrx_word' id='word_1_147' title='bbox 475 1485 525 1546; x_wconf 90' lang='lat' dir='ltr'><strong>ubi</strong></span> <span class='ocrx_word' id='word_1_148' title='bbox 544 1485 591 1545; x_wconf 87' lang='lat' dir='ltr'><strong>itte</strong></span> <span class='ocrx_word' id='word_1_149' title='bbox 610 1503 692 1544; x_wconf 91' lang='lat' dir='ltr'><strong>amor</strong></span> <span class='ocrx_word' id='word_1_150' title='bbox 711 1503 769 1622; x_wconf 56' lang='lat' dir='ltr'><strong>uuo</strong></span> <span class='ocrx_word' id='word_1_151' title='bbox 789 1481 912 1544; x_wconf 85' lang='lat' dir='ltr'><strong>conlisus</strong></span> <span class='ocrx_word' id='word_1_152' title='bbox 931 1485 992 1544; x_wconf 80' lang='lat' dir='ltr'><strong>est?</strong></span> <span class='ocrx_word' id='word_1_153' title='bbox 1011 1480 1128 1543; x_wconf 91' lang='lat' dir='ltr'><strong>Nullum</strong></span> <span class='ocrx_word' id='word_1_154' title='bbox 1147 1492 1191 1544; x_wconf 88' lang='lat' dir='ltr'><strong>eet</strong></span> <span class='ocrx_word' id='word_1_155' title='bbox 1210 1482 1336 1544; x_wconf 81' lang='lat' dir='ltr'><strong>Satanae</strong></span> 
     </span>
     <span class='ocr_line' id='line_1_17' title="bbox 194 1563 1402 1722; baseline 0.003 -20"><span class='ocrx_word' id='word_1_156' title='bbox 194 1563 1336 1722; x_wconf 55' lang='lat' dir='ltr'><strong>ttttttttttttttttlttlntttttottttltt‘’‘tttttt</strong></span> <span class='ocrx_word' id='word_1_157' title='bbox 1401 1607 1402 1656; x_wconf 59' lang='lat'>¹</span> 
     </span>
     <span class='ocr_line' id='line_1_18' title="bbox 194 1664 1331 1804; baseline 0.002 -22"><span class='ocrx_word' id='word_1_158' title='bbox 194 1741 254 1784; x_wconf 92' lang='lat' dir='ltr'><strong>non</strong></span> <span class='ocrx_word' id='word_1_159' title='bbox 274 1723 439 1804; x_wconf 88' lang='lat' dir='ltr'><strong>simpliciter</strong></span> <span class='ocrx_word' id='word_1_160' title='bbox 461 1725 556 1784; x_wconf 89' lang='lat' dir='ltr'><strong>irritas</strong></span> <span class='ocrx_word' id='word_1_161' title='bbox 576 1685 663 1784; x_wconf 72' lang='lat' dir='ltr'><strong>luisde</strong></span> <span class='ocrx_word' id='word_1_162' title='bbox 678 1664 799 1782; x_wconf 68' lang='lat' dir='ltr'><strong>bavidis</strong></span> <span class='ocrx_word' id='word_1_163' title='bbox 818 1741 927 1802; x_wconf 81' lang='lat' dir='ltr'>preces,</span> <span class='ocrx_word' id='word_1_164' title='bbox 946 1729 974 1782; x_wconf 94' lang='lat' dir='ltr'><strong>et</strong></span> <span class='ocrx_word' id='word_1_165' title='bbox 993 1721 1124 1783; x_wconf 86' lang='lat' dir='ltr'><strong>lallaeem</strong></span> <span class='ocrx_word' id='word_1_166' title='bbox 1140 1743 1228 1804; x_wconf 90' lang='lat' dir='ltr'><strong>quem</strong></span> <span class='ocrx_word' id='word_1_167' title='bbox 1245 1665 1331 1784; x_wconf 63' lang='lat' dir='ltr'><strong>busta·</strong></span> 
     </span>
     <span class='ocr_line' id='line_1_19' title="bbox 194 1800 1332 1884; baseline 0 -22"><span class='ocrx_word' id='word_1_168' title='bbox 194 1800 245 1862; x_wconf 86' lang='lat' dir='ltr'><strong>bat</strong></span> <span class='ocrx_word' id='word_1_169' title='bbox 263 1800 320 1862; x_wconf 87' lang='lat' dir='ltr'><strong>Dei</strong></span> <span class='ocrx_word' id='word_1_170' title='bbox 339 1822 465 1864; x_wconf 86' lang='lat' dir='ltr'><strong>amorem</strong></span> <span class='ocrx_word' id='word_1_171' title='bbox 486 1803 596 1862; x_wconf 85' lang='lat' dir='ltr'><strong>dicunt:</strong></span> <span class='ocrx_word' id='word_1_172' title='bbox 618 1801 668 1862; x_wconf 89' lang='lat' dir='ltr'><strong>sed</strong></span> <span class='ocrx_word' id='word_1_173' title='bbox 686 1822 754 1862; x_wconf 93' lang='lat' dir='ltr'><strong>eum</strong></span> <span class='ocrx_word' id='word_1_174' title='bbox 774 1801 890 1882; x_wconf 86' lang='lat' dir='ltr'><strong>obliqua</strong></span> <span class='ocrx_word' id='word_1_175' title='bbox 909 1804 1102 1884; x_wconf 77' lang='lat' dir='ltr'><strong>perstringunt</strong></span> <span class='ocrx_word' id='word_1_176' title='bbox 1121 1809 1257 1883; x_wconf 88' lang='lat' dir='ltr'><strong>tanquam</strong></span> <span class='ocrx_word' id='word_1_177' title='bbox 1278 1801 1332 1882; x_wconf 78' lang='lat' dir='ltr'><strong>by·</strong></span> 
     </span>
     <span class='ocr_line' id='line_1_20' title="bbox 194 1879 1332 1964; baseline 0.004 -24"><span class='ocrx_word' id='word_1_178' title='bbox 194 1883 345 1962; x_wconf 74' lang='lat' dir='ltr'><strong>puerilem,</strong></span> <span class='ocrx_word' id='word_1_179' title='bbox 365 1885 414 1964; x_wconf 86' lang='lat' dir='ltr'><strong>qui</strong></span> <span class='ocrx_word' id='word_1_180' title='bbox 434 1883 507 1943; x_wconf 88' lang='lat' dir='ltr'><strong>ialso</strong></span> <span class='ocrx_word' id='word_1_181' title='bbox 524 1879 580 1944; x_wconf 89' lang='lat' dir='ltr'><strong>Dei</strong></span> <span class='ocrx_word' id='word_1_182' title='bbox 598 1901 734 1944; x_wconf 86' lang='lat' dir='ltr'><strong>nomena</strong></span> <span class='ocrx_word' id='word_1_183' title='bbox 751 1902 809 1963; x_wconf 91' lang='lat' dir='ltr'><strong>quo</strong></span> <span class='ocrx_word' id='word_1_184' title='bbox 823 1883 932 1942; x_wconf 82' lang='lat' dir='ltr'><strong>ebenus</strong></span> <span class='ocrx_word' id='word_1_185' title='bbox 947 1889 1017 1958; x_wconf 81' lang='lat' dir='ltr'><strong>erat,</strong></span> <span class='ocrx_word' id='word_1_186' title='bbox 1037 1881 1212 1946; x_wconf 86' lang='lat' dir='ltr'><strong>obtenderet.</strong></span> <span class='ocrx_word' id='word_1_187' title='bbox 1234 1879 1332 1962; x_wconf 79' lang='lat' dir='ltr'><strong>Quem</strong></span> 
     </span>
     <span class='ocr_line' id='line_1_21' title="bbox 195 1960 1334 2044; baseline 0.002 -22"><span class='ocrx_word' id='word_1_188' title='bbox 195 1960 297 2022; x_wconf 87' lang='lat' dir='ltr'><strong>acerba</strong></span> <span class='ocrx_word' id='word_1_189' title='bbox 315 1963 400 2024; x_wconf 69' lang='lat' dir='ltr'><strong>luant</strong></span> <span class='ocrx_word' id='word_1_190' title='bbox 419 1963 547 2038; x_wconf 75' lang='lat' dir='ltr'><strong>lentullo,</strong></span> <span class='ocrx_word' id='word_1_191' title='bbox 567 1964 688 2043; x_wconf 88' lang='lat' dir='ltr'><strong>quisque</strong></span> <span class='ocrx_word' id='word_1_192' title='bbox 707 1982 746 2022; x_wconf 84' lang='lat' dir='ltr'><strong>ex</strong></span> <span class='ocrx_word' id='word_1_193' title='bbox 760 1963 876 2042; x_wconf 90' lang='lat' dir='ltr'><strong>proprio</strong></span> <span class='ocrx_word' id='word_1_194' title='bbox 891 1981 976 2022; x_wconf 87' lang='lat' dir='ltr'><strong>sensu</strong></span> <span class='ocrx_word' id='word_1_195' title='bbox 992 1963 1142 2022; x_wconf 89' lang='lat' dir='ltr'><strong>aestimare</strong></span> <span class='ocrx_word' id='word_1_196' title='bbox 1154 1969 1263 2044; x_wconf 84' lang='lat' dir='ltr'><strong>potest:</strong></span> <span class='ocrx_word' id='word_1_197' title='bbox 1283 1961 1334 2024; x_wconf 86' lang='lat' dir='ltr'><strong>sed</strong></span> 
     </span>
     <span class='ocr_line' id='line_1_22' title="bbox 194 2041 1395 2124; baseline 0.004 -25"><span class='ocrx_word' id='word_1_198' title='bbox 194 2041 320 2102; x_wconf 87' lang='lat' dir='ltr'><strong>remedio</strong></span> <span class='ocrx_word' id='word_1_199' title='bbox 340 2062 399 2124; x_wconf 87' lang='lat' dir='ltr'><strong>quo</strong></span> <span class='ocrx_word' id='word_1_200' title='bbox 418 2061 487 2102; x_wconf 85' lang='lat' dir='ltr'><strong>naus</strong></span> <span class='ocrx_word' id='word_1_201' title='bbox 507 2049 551 2102; x_wconf 85' lang='lat' dir='ltr'><strong>est</strong></span> <span class='ocrx_word' id='word_1_202' title='bbox 569 2046 711 2102; x_wconf 85' lang='lat' dir='ltr'><strong>sincerum</strong></span> <span class='ocrx_word' id='word_1_203' title='bbox 729 2041 850 2102; x_wconf 85' lang='lat' dir='ltr'><strong>fiduciae</strong></span> <span class='ocrx_word' id='word_1_204' title='bbox 863 2061 931 2102; x_wconf 86' lang='lat' dir='ltr'><strong>suae</strong></span> <span class='ocrx_word' id='word_1_205' title='bbox 945 2043 1080 2102; x_wconf 85' lang='lat' dir='ltr'><strong>affectum</strong></span> <span class='ocrx_word' id='word_1_206' title='bbox 1094 2042 1241 2124; x_wconf 84' lang='lat' dir='ltr'><strong>probavit:</strong></span> <span class='ocrx_word' id='word_1_207' title='bbox 1262 2045 1331 2124; x_wconf 88' lang='lat' dir='ltr'><strong>quia</strong></span> <span class='ocrx_word' id='word_1_208' title='bbox 1392 2067 1395 2078; x_wconf 92' lang='lat'><em>·</em></span> 
     </span>
     <span class='ocr_line' id='line_1_23' title="bbox 194 2119 1328 2204; baseline 0.001 -22"><span class='ocrx_word' id='word_1_209' title='bbox 194 2121 250 2182; x_wconf 88' lang='lat' dir='ltr'><strong>nisi</strong></span> <span class='ocrx_word' id='word_1_210' title='bbox 270 2119 365 2182; x_wconf 89' lang='lat' dir='ltr'><strong>Deum</strong></span> <span class='ocrx_word' id='word_1_211' title='bbox 384 2121 529 2204; x_wconf 74' lang='lat' dir='ltr'><strong>habuisset</strong></span> <span class='ocrx_word' id='word_1_212' title='bbox 547 2128 658 2184; x_wconf 89' lang='lat' dir='ltr'><strong>certum</strong></span> <span class='ocrx_word' id='word_1_213' title='bbox 677 2127 792 2195; x_wconf 83' lang='lat' dir='ltr'><strong>testem,</strong></span> <span class='ocrx_word' id='word_1_214' title='bbox 815 2141 964 2202; x_wconf 86' lang='lat' dir='ltr'><strong>nunquam</strong></span> <span class='ocrx_word' id='word_1_215' title='bbox 983 2141 1072 2198; x_wconf 78' lang='lat' dir='ltr'><strong>ausus</strong></span> <span class='ocrx_word' id='word_1_216' title='bbox 1089 2130 1165 2187; x_wconf 89' lang='lat' dir='ltr'><strong>esset</strong></span> <span class='ocrx_word' id='word_1_217' title='bbox 1184 2125 1328 2203; x_wconf 81' lang='lat' dir='ltr'><strong>querimo·</strong></span> 
     </span>
    </p>

    <p class='ocr_par' dir='ltr' id='par_1_5' title="bbox 144 2199 1333 2444">
     <span class='ocr_line' id='line_1_24' title="bbox 144 2199 1331 2284; baseline 0.002 -22"><span class='ocrx_word' id='word_1_218' title='bbox 144 2244 147 2254; x_wconf 34' lang='grc' dir='ltr'><strong><em>ι</em></strong></span> <span class='ocrx_word' id='word_1_219' title='bbox 195 2202 279 2262; x_wconf 86' lang='lat' dir='ltr'><strong>niam</strong></span> <span class='ocrx_word' id='word_1_220' title='bbox 296 2201 371 2264; x_wconf 88' lang='lat' dir='ltr'><strong>bauo</strong></span> <span class='ocrx_word' id='word_1_221' title='bbox 394 2201 431 2262; x_wconf 84' lang='lat' dir='ltr'><strong>ad</strong></span> <span class='ocrx_word' id='word_1_222' title='bbox 456 2221 523 2262; x_wconf 89' lang='lat' dir='ltr'><strong>eum</strong></span> <span class='ocrx_word' id='word_1_223' title='bbox 546 2199 666 2264; x_wconf 87' lang='lat' dir='ltr'><strong>deferre.</strong></span> <span class='ocrx_word' id='word_1_224' title='bbox 706 2199 805 2280; x_wconf 84' lang='lat' dir='ltr'><strong>Quare</strong></span> <span class='ocrx_word' id='word_1_225' title='bbox 824 2201 915 2262; x_wconf 88' lang='lat' dir='ltr'><strong>danda</strong></span> <span class='ocrx_word' id='word_1_226' title='bbox 935 2221 1022 2283; x_wconf 87' lang='lat' dir='ltr'><strong>opera</strong></span> <span class='ocrx_word' id='word_1_227' title='bbox 1041 2204 1217 2284; x_wconf 78' lang='lat' dir='ltr'><strong>estquoties</strong></span> <span class='ocrx_word' id='word_1_228' title='bbox 1236 2203 1331 2284; x_wconf 57' lang='lat' dir='ltr'><strong>lupo·</strong></span> 
     </span>
     <span class='ocr_line' id='line_1_25' title="bbox 195 2280 1332 2364; baseline 0.002 -22"><span class='ocrx_word' id='word_1_229' title='bbox 195 2281 281 2342; x_wconf 86' lang='lat' dir='ltr'><strong>crisin</strong></span> <span class='ocrx_word' id='word_1_230' title='bbox 290 2281 372 2342; x_wconf 88' lang='lat' dir='ltr'><strong>nobis</strong></span> <span class='ocrx_word' id='word_1_231' title='bbox 388 2281 531 2344; x_wconf 87' lang='lat' dir='ltr'><strong>obiectant</strong></span> <span class='ocrx_word' id='word_1_232' title='bbox 546 2280 684 2356; x_wconf 84' lang='lat' dir='ltr'><strong>homines,</strong></span> <span class='ocrx_word' id='word_1_233' title='bbox 694 2287 728 2342; x_wconf 93' lang='lat' dir='ltr'><strong>nt</strong></span> <span class='ocrx_word' id='word_1_234' title='bbox 742 2281 859 2344; x_wconf 87' lang='lat' dir='ltr'><strong>interior</strong></span> <span class='ocrx_word' id='word_1_235' title='bbox 873 2281 966 2344; x_wconf 89' lang='lat' dir='ltr'><strong>cordis</strong></span> <span class='ocrx_word' id='word_1_236' title='bbox 981 2283 1126 2342; x_wconf 87' lang='lat' dir='ltr'><strong>sinceritas</strong></span> <span class='ocrx_word' id='word_1_237' title='bbox 1141 2282 1219 2364; x_wconf 85' lang='lat' dir='ltr'><strong>apud</strong></span> <span class='ocrx_word' id='word_1_238' title='bbox 1233 2282 1332 2348; x_wconf 81' lang='lat' dir='ltr'><strong>Deum</strong></span> 
     </span>
     <span class='ocr_line' id='line_1_26' title="bbox 193 2359 1333 2444; baseline 0.002 -24"><span class='ocrx_word' id='word_1_239' title='bbox 193 2381 249 2442; x_wconf 88' lang='lat' dir='ltr'><strong>pro</strong></span> <span class='ocrx_word' id='word_1_240' title='bbox 272 2361 355 2422; x_wconf 87' lang='lat' dir='ltr'><strong>nobis</strong></span> <span class='ocrx_word' id='word_1_241' title='bbox 380 2361 558 2442; x_wconf 87' lang='lat' dir='ltr'><strong>respondeat.</strong></span> <span class='ocrx_word' id='word_1_242' title='bbox 596 2363 703 2442; x_wconf 78' lang='lat' dir='ltr'><strong>Atque·</strong></span> <span class='ocrx_word' id='word_1_243' title='bbox 719 2359 790 2422; x_wconf 88' lang='lat' dir='ltr'><strong>baec</strong></span> <span class='ocrx_word' id='word_1_244' title='bbox 809 2359 891 2421; x_wconf 91' lang='lat' dir='ltr'><strong>nobis</strong></span> <span class='ocrx_word' id='word_1_245' title='bbox 914 2381 994 2422; x_wconf 86' lang='lat' dir='ltr'><strong>saera</strong></span> <span class='ocrx_word' id='word_1_246' title='bbox 1019 2363 1056 2422; x_wconf 86' lang='lat' dir='ltr'><strong>sit</strong></span> <span class='ocrx_word' id='word_1_247' title='bbox 1079 2381 1200 2437; x_wconf 89' lang='lat' dir='ltr'><strong>ancora,</strong></span> <span class='ocrx_word' id='word_1_248' title='bbox 1219 2363 1333 2444; x_wconf 87' lang='lat' dir='ltr'><strong>quoties</strong></span> 
     </span>
    </p>

    <p class='ocr_par' dir='ltr' id='par_1_6' title="bbox 56 2439 1333 3239">
     <span class='ocr_line' id='line_1_27' title="bbox 174 2439 1333 2518; baseline 0 -16"><span class='ocrx_word' id='word_1_249' title='bbox 174 2447 176 2460; x_wconf 66' lang='lat'><strong>¹</strong></span> <span class='ocrx_word' id='word_1_250' title='bbox 196 2439 378 2502; x_wconf 81' lang='lat' dir='ltr'><strong>mordacibus</strong></span> <span class='ocrx_word' id='word_1_251' title='bbox 397 2441 492 2502; x_wconf 86' lang='lat' dir='ltr'><strong>saunis</strong></span> <span class='ocrx_word' id='word_1_252' title='bbox 511 2441 597 2502; x_wconf 89' lang='lat' dir='ltr'><strong>fidem</strong></span> <span class='ocrx_word' id='word_1_253' title='bbox 617 2439 698 2502; x_wconf 89' lang='lat' dir='ltr'><strong>nobis</strong></span> <span class='ocrx_word' id='word_1_254' title='bbox 717 2447 852 2502; x_wconf 85' lang='lat' dir='ltr'><strong>excutere</strong></span> <span class='ocrx_word' id='word_1_255' title='bbox 871 2441 988 2502; x_wconf 86' lang='lat' dir='ltr'><strong>molitur</strong></span> <span class='ocrx_word' id='word_1_256' title='bbox 1007 2439 1106 2518; x_wconf 87' lang='lat' dir='ltr'><strong>Satan,</strong></span> <span class='ocrx_word' id='word_1_257' title='bbox 1125 2439 1224 2503; x_wconf 90' lang='lat' dir='ltr'><strong>Deum</strong></span> <span class='ocrx_word' id='word_1_258' title='bbox 1243 2443 1333 2504; x_wconf 78' lang='lat' dir='ltr'><strong>citare</strong></span> 
     </span>
     <span class='ocr_line' id='line_1_28' title="bbox 194 2520 1332 2602; baseline 0.004 -24"><span class='ocrx_word' id='word_1_259' title='bbox 194 2525 311 2594; x_wconf 85' lang='lat' dir='ltr'><strong>testem,</strong></span> <span class='ocrx_word' id='word_1_260' title='bbox 344 2529 378 2582; x_wconf 92' lang='lat' dir='ltr'><strong>ut</strong></span> <span class='ocrx_word' id='word_1_261' title='bbox 402 2541 483 2580; x_wconf 88' lang='lat' dir='ltr'><strong>suam</strong></span> <span class='ocrx_word' id='word_1_262' title='bbox 509 2524 539 2582; x_wconf 89' lang='lat' dir='ltr'><strong>in</strong></span> <span class='ocrx_word' id='word_1_263' title='bbox 564 2520 646 2582; x_wconf 87' lang='lat' dir='ltr'><strong>nobis</strong></span> <span class='ocrx_word' id='word_1_264' title='bbox 669 2521 780 2582; x_wconf 86' lang='lat' dir='ltr'><strong>tuendis</strong></span> <span class='ocrx_word' id='word_1_265' title='bbox 802 2522 938 2585; x_wconf 84' lang='lat' dir='ltr'><strong>iustitium</strong></span> <span class='ocrx_word' id='word_1_266' title='bbox 962 2529 1085 2583; x_wconf 85' lang='lat' dir='ltr'><strong>asserat:</strong></span> <span class='ocrx_word' id='word_1_267' title='bbox 1109 2522 1225 2602; x_wconf 83' lang='lat' dir='ltr'><strong>quaudo</strong></span> <span class='ocrx_word' id='word_1_268' title='bbox 1249 2523 1332 2582; x_wconf 79' lang='lat' dir='ltr'><strong>nulls</strong></span> 
     </span>
     <span class='ocr_line' id='line_1_29' title="bbox 194 2595 1330 2682; baseline 0.002 -24"><span class='ocrx_word' id='word_1_269' title='bbox 194 2595 306 2660; x_wconf 79' lang='lat' dir='ltr'><strong>foedior</strong></span> <span class='ocrx_word' id='word_1_270' title='bbox 325 2599 498 2682; x_wconf 88' lang='lat' dir='ltr'><strong>blasphemia</strong></span> <span class='ocrx_word' id='word_1_271' title='bbox 518 2601 591 2662; x_wconf 86' lang='lat' dir='ltr'><strong>inuri</strong></span> <span class='ocrx_word' id='word_1_272' title='bbox 610 2607 705 2682; x_wconf 87' lang='lat' dir='ltr'><strong>potest</strong></span> <span class='ocrx_word' id='word_1_273' title='bbox 723 2602 784 2661; x_wconf 89' lang='lat' dir='ltr'><strong>eius</strong></span> <span class='ocrx_word' id='word_1_274' title='bbox 802 2601 919 2675; x_wconf 88' lang='lat' dir='ltr'><strong>nomini,</strong></span> <span class='ocrx_word' id='word_1_275' title='bbox 939 2620 1026 2682; x_wconf 87' lang='lat' dir='ltr'><strong>quam</strong></span> <span class='ocrx_word' id='word_1_276' title='bbox 1045 2601 1147 2676; x_wconf 85' lang='lat' dir='ltr'><strong>dicere,</strong></span> <span class='ocrx_word' id='word_1_277' title='bbox 1166 2620 1240 2662; x_wconf 84' lang='lat' dir='ltr'><strong>rana</strong></span> <span class='ocrx_word' id='word_1_278' title='bbox 1254 2601 1330 2661; x_wconf 86' lang='lat' dir='ltr'><strong>fidu·</strong></span> 
     </span>
     <span class='ocr_line' id='line_1_30' title="bbox 196 2679 1329 2776; baseline 0.001 -36"><span class='ocrx_word' id='word_1_279' title='bbox 196 2679 372 2774; x_wconf 30' lang='lat' dir='ltr'><strong>cieoiollatos</strong></span> <span class='ocrx_word' id='word_1_280' title='bbox 391 2682 441 2762; x_wconf 89' lang='lat' dir='ltr'><strong>qui</strong></span> <span class='ocrx_word' id='word_1_281' title='bbox 460 2701 541 2761; x_wconf 86' lang='lat' dir='ltr'><strong>spem</strong></span> <span class='ocrx_word' id='word_1_282' title='bbox 560 2680 590 2740; x_wconf 88' lang='lat' dir='ltr'><strong>iu</strong></span> <span class='ocrx_word' id='word_1_283' title='bbox 610 2701 645 2742; x_wconf 92' lang='lat' dir='ltr'><strong>eo</strong></span> <span class='ocrx_word' id='word_1_284' title='bbox 665 2688 818 2776; x_wconf 77' lang='lat' dir='ltr'><strong>reponunt,</strong></span> <span class='ocrx_word' id='word_1_285' title='bbox 838 2700 926 2760; x_wconf 88' lang='lat' dir='ltr'><strong>seque</strong></span> <span class='ocrx_word' id='word_1_286' title='bbox 944 2683 1023 2740; x_wconf 85' lang='lat' dir='ltr'><strong>irrita</strong></span> <span class='ocrx_word' id='word_1_287' title='bbox 1041 2682 1175 2776; x_wconf 76' lang='lat' dir='ltr'><strong>opinione</strong></span> <span class='ocrx_word' id='word_1_288' title='bbox 1194 2681 1329 2763; x_wconf 73' lang='lat' dir='ltr'><strong>decipere</strong></span> 
     </span>
     <span class='ocr_line' id='line_1_31' title="bbox 194 2757 1332 2926; baseline 0.002 -28"><span class='ocrx_word' id='word_1_289' title='bbox 194 2757 1332 2926; x_wconf 47' lang='lat' dir='ltr'><strong>tlttltrtttott„tit”ttgtttoittfttttltsttttttt</strong></span> 
     </span>
     <span class='ocr_line' id='line_1_32' title="bbox 56 2917 1333 3002; baseline 0.002 -24"><span class='ocrx_word' id='word_1_290' title='bbox 56 2985 62 3000; x_wconf 23' lang='grc' dir='ltr'>ἱ</span> <span class='ocrx_word' id='word_1_291' title='bbox 216 2925 293 2979; x_wconf 86' lang='lat' dir='ltr'><strong>arcet</strong></span> <span class='ocrx_word' id='word_1_292' title='bbox 316 2919 414 2980; x_wconf 87' lang='lat' dir='ltr'><strong>Satan.</strong></span> <span class='ocrx_word' id='word_1_293' title='bbox 460 2917 558 2999; x_wconf 90' lang='lat' dir='ltr'><strong>Quare</strong></span> <span class='ocrx_word' id='word_1_294' title='bbox 581 2919 637 2980; x_wconf 95' lang='lat' dir='ltr'><strong>boc</strong></span> <span class='ocrx_word' id='word_1_295' title='bbox 660 2919 764 3002; x_wconf 84' lang='lat' dir='ltr'><strong>clypeo</strong></span> <span class='ocrx_word' id='word_1_296' title='bbox 789 2921 913 2982; x_wconf 85' lang='lat' dir='ltr'><strong>munitos</strong></span> <span class='ocrx_word' id='word_1_297' title='bbox 937 2937 1000 2980; x_wconf 84' lang='lat' dir='ltr'><strong>esse</strong></span> <span class='ocrx_word' id='word_1_298' title='bbox 1024 2921 1333 3000; x_wconf 41' lang='lat' dir='ltr'><strong>convenitpquamvis</strong></span> 
     </span>
     <span class='ocr_line' id='line_1_33' title="bbox 194 2937 1332 3082; baseline 0.003 -25"><span class='ocrx_word' id='word_1_299' title='bbox 194 2937 334 3078; x_wconf 76' lang='lat' dir='ltr'><strong>deplorati</strong></span> <span class='ocrx_word' id='word_1_300' title='bbox 353 3001 409 3060; x_wconf 87' lang='lat' dir='ltr'><strong>sint</strong></span> <span class='ocrx_word' id='word_1_301' title='bbox 427 3001 503 3082; x_wconf 90' lang='lat' dir='ltr'><strong>apud</strong></span> <span class='ocrx_word' id='word_1_302' title='bbox 524 3000 661 3075; x_wconf 86' lang='lat' dir='ltr'><strong>homiues,</strong></span> <span class='ocrx_word' id='word_1_303' title='bbox 681 3001 705 3060; x_wconf 88' lang='lat' dir='ltr'><strong>si</strong></span> <span class='ocrx_word' id='word_1_304' title='bbox 724 3009 819 3060; x_wconf 88' lang='lat' dir='ltr'><strong>tamen</strong></span> <span class='ocrx_word' id='word_1_305' title='bbox 838 3018 921 3060; x_wconf 89' lang='lat' dir='ltr'><strong>ouras</strong></span> <span class='ocrx_word' id='word_1_306' title='bbox 935 3017 1001 3058; x_wconf 88' lang='lat' dir='ltr'><strong>suas</strong></span> <span class='ocrx_word' id='word_1_307' title='bbox 1017 3001 1048 3058; x_wconf 90' lang='lat' dir='ltr'><strong>in</strong></span> <span class='ocrx_word' id='word_1_308' title='bbox 1058 2997 1152 3060; x_wconf 86' lang='lat' dir='ltr'><strong>Deum</strong></span> <span class='ocrx_word' id='word_1_309' title='bbox 1168 3001 1332 3076; x_wconf 73' lang='lat' dir='ltr'><strong>conficiant,</strong></span> 
     </span>
     <span class='ocr_line' id='line_1_34' title="bbox 193 3053 1333 3160; baseline 0.001 -22"><span class='ocrx_word' id='word_1_310' title='bbox 193 3097 252 3138; x_wconf 89' lang='lat' dir='ltr'><strong>non</strong></span> <span class='ocrx_word' id='word_1_311' title='bbox 273 3077 335 3138; x_wconf 85' lang='lat' dir='ltr'><strong>iore</strong></span> <span class='ocrx_word' id='word_1_312' title='bbox 353 3079 444 3140; x_wconf 85' lang='lat' dir='ltr'><strong>imitas</strong></span> <span class='ocrx_word' id='word_1_313' title='bbox 463 3099 562 3140; x_wconf 91' lang='lat' dir='ltr'><strong>eorum</strong></span> <span class='ocrx_word' id='word_1_314' title='bbox 583 3099 691 3160; x_wconf 82' lang='lat' dir='ltr'><strong>preces.</strong></span> <span class='ocrx_word' id='word_1_315' title='bbox 716 3078 807 3140; x_wconf 90' lang='lat' dir='ltr'><strong>Verbo</strong></span> <span class='ocrx_word' id='word_1_316' title='bbox 828 3053 873 3148; x_wconf 49' lang='grc' dir='ltr'><strong>Ἦ</strong></span> <span class='ocrx_word' id='word_1_317' title='bbox 902 3081 1009 3159; x_wconf 87' lang='lat' dir='ltr'><strong>optimo</strong></span> <span class='ocrx_word' id='word_1_318' title='bbox 1033 3079 1202 3160; x_wconf 80' lang='lat' dir='ltr'><strong>exprimitur</strong></span> <span class='ocrx_word' id='word_1_319' title='bbox 1226 3087 1333 3140; x_wconf 84' lang='lat' dir='ltr'><strong>natura</strong></span> 
     </span>
     <span class='ocr_line' id='line_1_35' title="bbox 193 3156 1331 3239; baseline 0.004 -23"><span class='ocrx_word' id='word_1_320' title='bbox 193 3161 224 3216; x_wconf 90' lang='lat' dir='ltr'><strong>et</strong></span> <span class='ocrx_word' id='word_1_321' title='bbox 247 3158 291 3216; x_wconf 89' lang='lat' dir='ltr'><strong>vis</strong></span> <span class='ocrx_word' id='word_1_322' title='bbox 310 3157 392 3232; x_wconf 86' lang='lat' dir='ltr'><strong>fidei,</strong></span> <span class='ocrx_word' id='word_1_323' title='bbox 415 3176 490 3238; x_wconf 85' lang='lat' dir='ltr'><strong>quse</strong></span> <span class='ocrx_word' id='word_1_324' title='bbox 508 3161 537 3220; x_wconf 91' lang='lat' dir='ltr'><strong>io</strong></span> <span class='ocrx_word' id='word_1_325' title='bbox 557 3157 613 3220; x_wconf 86' lang='lat' dir='ltr'><strong>Dei</strong></span> <span class='ocrx_word' id='word_1_326' title='bbox 632 3156 839 3239; x_wconf 83' lang='lat' dir='ltr'><strong>providentia&#39;m</strong></span> <span class='ocrx_word' id='word_1_327' title='bbox 858 3159 1012 3236; x_wconf 87' lang='lat' dir='ltr'><strong>reclinans,</strong></span> <span class='ocrx_word' id='word_1_328' title='bbox 1037 3177 1170 3220; x_wconf 85' lang='lat' dir='ltr'><strong>curarum</strong></span> <span class='ocrx_word' id='word_1_329' title='bbox 1189 3161 1221 3223; x_wconf 87' lang='lat' dir='ltr'><strong>et</strong></span> <span class='ocrx_word' id='word_1_330' title='bbox 1239 3159 1331 3220; x_wconf 87' lang='lat' dir='ltr'><strong>mole-</strong></span> 
     </span>
    </p>

    <p class='ocr_par' dir='ltr' id='par_1_7' title="bbox 166 3233 834 3311">
     <span class='ocr_line' id='line_1_36' title="bbox 166 3233 834 3311; baseline 0.007 -16"><span class='ocrx_word' id='word_1_331' title='bbox 166 3291 173 3311; x_wconf 67' lang='grc'>,</span> <span class='ocrx_word' id='word_1_332' title='bbox 194 3233 313 3297; x_wconf 86' lang='lat' dir='ltr'><strong>stiarnm</strong></span> <span class='ocrx_word' id='word_1_333' title='bbox 332 3237 465 3298; x_wconf 82' lang='lat' dir='ltr'><strong>oneribus</strong></span> <span class='ocrx_word' id='word_1_334' title='bbox 484 3241 592 3298; x_wconf 89' lang='lat' dir='ltr'><strong>animos</strong></span> <span class='ocrx_word' id='word_1_335' title='bbox 611 3245 728 3300; x_wconf 85' lang='lat' dir='ltr'><strong>nostros</strong></span> <span class='ocrx_word' id='word_1_336' title='bbox 747 3239 834 3300; x_wconf 87' lang='lat' dir='ltr'><strong>levat.</strong></span> 
     </span>
    </p>
   </div>
   <div class='ocr_carea' id='block_1_3' title="bbox 187 3399 1343 3815">
    <p class='ocr_par' dir='ltr' id='par_1_8' title="bbox 187 3399 1343 3815">
     <span class='ocr_line' id='line_1_37' title="bbox 211 3399 1332 3490; baseline 0.002 -22"><span class='ocrx_word' id='word_1_337' title='bbox 211 3439 212 3442; x_wconf 18' lang='grc' dir='ltr'>π</span> <span class='ocrx_word' id='word_1_338' title='bbox 257 3401 337 3470; x_wconf 60' lang='lat'><strong>⁴10.</strong></span> <span class='ocrx_word' id='word_1_339' title='bbox 359 3399 453 3471; x_wconf 85' lang='lat' dir='ltr'><strong>Certe</strong></span> <span class='ocrx_word' id='word_1_340' title='bbox 480 3412 516 3470; x_wconf 86' lang='lat' dir='ltr'><strong>tu</strong></span> <span class='ocrx_word' id='word_1_341' title='bbox 543 3403 674 3472; x_wconf 84' lang='lat' dir='ltr'><strong>edoctor</strong></span> <span class='ocrx_word' id='word_1_342' title='bbox 699 3426 792 3472; x_wconf 89' lang='lat' dir='ltr'><strong>meus</strong></span> <span class='ocrx_word' id='word_1_343' title='bbox 818 3426 853 3474; x_wconf 88' lang='lat' dir='ltr'><strong>es</strong></span> <span class='ocrx_word' id='word_1_344' title='bbox 879 3426 922 3472; x_wconf 82' lang='lat' dir='ltr'><strong>ex</strong></span> <span class='ocrx_word' id='word_1_345' title='bbox 948 3413 1057 3490; x_wconf 79' lang='lat' dir='ltr'><strong>utero,</strong></span> <span class='ocrx_word' id='word_1_346' title='bbox 1089 3401 1221 3472; x_wconf 84' lang='lat' dir='ltr'><strong>fiduciae</strong></span> <span class='ocrx_word' id='word_1_347' title='bbox 1249 3401 1332 3470; x_wconf 88' lang='lat' dir='ltr'><strong>mihi</strong></span> 
     </span>
     <span class='ocr_line' id='line_1_38' title="bbox 193 3507 1333 3601; baseline 0.002 -27"><span class='ocrx_word' id='word_1_348' title='bbox 193 3516 306 3574; x_wconf 87' lang='lat' dir='ltr'><strong>auctor</strong></span> <span class='ocrx_word' id='word_1_349' title='bbox 327 3531 423 3600; x_wconf 89' lang='lat' dir='ltr'><strong>super</strong></span> <span class='ocrx_word' id='word_1_350' title='bbox 443 3507 540 3576; x_wconf 88' lang='lat' dir='ltr'><strong>ubera</strong></span> <span class='ocrx_word' id='word_1_351' title='bbox 561 3509 670 3577; x_wconf 83' lang='lat' dir='ltr'><strong>matris</strong></span> <span class='ocrx_word' id='word_1_352' title='bbox 692 3532 791 3579; x_wconf 86' lang='lat' dir='ltr'><strong>meae.</strong></span> <span class='ocrx_word' id='word_1_353' title='bbox 821 3512 873 3578; x_wconf 91' lang='lat'><strong>11.</strong></span> <span class='ocrx_word' id='word_1_354' title='bbox 895 3509 1000 3601; x_wconf 81' lang='lat' dir='ltr'><strong>Super</strong></span> <span class='ocrx_word' id='word_1_355' title='bbox 1020 3521 1052 3578; x_wconf 88' lang='lat' dir='ltr'><strong>te</strong></span> <span class='ocrx_word' id='word_1_356' title='bbox 1076 3510 1235 3601; x_wconf 81' lang='lat' dir='ltr'><strong>proiectus</strong></span> <span class='ocrx_word' id='word_1_357' title='bbox 1256 3531 1333 3576; x_wconf 87' lang='lat' dir='ltr'><strong>sum</strong></span> 
     </span>
     <span class='ocr_line' id='line_1_39' title="bbox 187 3611 1343 3707; baseline 0.001 -27"><span class='ocrx_word' id='word_1_358' title='bbox 187 3611 212 3680; x_wconf 69' lang='lat' dir='ltr'><strong>&#39;e</strong></span> <span class='ocrx_word' id='word_1_359' title='bbox 233 3611 338 3697; x_wconf 86' lang='lat' dir='ltr'><strong>vulva,</strong></span> <span class='ocrx_word' id='word_1_360' title='bbox 361 3613 400 3683; x_wconf 87' lang='lat' dir='ltr'><strong>de</strong></span> <span class='ocrx_word' id='word_1_361' title='bbox 420 3624 531 3683; x_wconf 71' lang='lat' dir='ltr'><strong>venue</strong></span> <span class='ocrx_word' id='word_1_362' title='bbox 551 3615 660 3684; x_wconf 87' lang='lat' dir='ltr'><strong>matris</strong></span> <span class='ocrx_word' id='word_1_363' title='bbox 681 3639 772 3684; x_wconf 86' lang='lat' dir='ltr'><strong>meae</strong></span> <span class='ocrx_word' id='word_1_364' title='bbox 794 3615 884 3684; x_wconf 84' lang='lat' dir='ltr'><strong>Deus</strong></span> <span class='ocrx_word' id='word_1_365' title='bbox 907 3639 998 3683; x_wconf 89' lang='lat' dir='ltr'><strong>meus</strong></span> <span class='ocrx_word' id='word_1_366' title='bbox 1021 3639 1067 3684; x_wconf 86' lang='lat' dir='ltr'><strong>es.</strong></span> <span class='ocrx_word' id='word_1_367' title='bbox 1112 3616 1164 3682; x_wconf 80' lang='lat'><strong>12.</strong></span> <span class='ocrx_word' id='word_1_368' title='bbox 1186 3613 1238 3683; x_wconf 91' lang='lat' dir='ltr'><strong>Ne</strong></span> <span class='ocrx_word' id='word_1_369' title='bbox 1260 3639 1343 3707; x_wconf 91' lang='lat' dir='ltr'><strong>pro--</strong></span> 
     </span>
     <span class='ocr_line' id='line_1_40' title="bbox 192 3715 1330 3815; baseline 0.003 -30"><span class='ocrx_word' id='word_1_370' title='bbox 192 3715 246 3785; x_wconf 73' lang='lat' dir='ltr'><strong>cul</strong></span> <span class='ocrx_word' id='word_1_371' title='bbox 267 3719 407 3788; x_wconf 84' lang='lat' dir='ltr'><strong>discedas</strong></span> <span class='ocrx_word' id='word_1_372' title='bbox 429 3743 448 3788; x_wconf 90' lang='lat' dir='ltr'><strong>a</strong></span> <span class='ocrx_word' id='word_1_373' title='bbox 470 3745 538 3804; x_wconf 82' lang='lat' dir='ltr'><strong>me,</strong></span> <span class='ocrx_word' id='word_1_374' title='bbox 564 3722 638 3815; x_wconf 82' lang='lat' dir='ltr'><strong>quia</strong></span> <span class='ocrx_word' id='word_1_375' title='bbox 659 3721 816 3790; x_wconf 87' lang='lat' dir='ltr'><strong>tribulatio</strong></span> <span class='ocrx_word' id='word_1_376' title='bbox 839 3721 1017 3815; x_wconf 88' lang='lat' dir='ltr'><strong>propinqua</strong></span> <span class='ocrx_word' id='word_1_377' title='bbox 1039 3731 1104 3807; x_wconf 88' lang='lat' dir='ltr'><strong>est,</strong></span> <span class='ocrx_word' id='word_1_378' title='bbox 1132 3721 1207 3814; x_wconf 84' lang='lat' dir='ltr'><strong>quia</strong></span> <span class='ocrx_word' id='word_1_379' title='bbox 1229 3745 1330 3790; x_wconf 87' lang='lat' dir='ltr'><strong>nemo</strong></span> 
     </span>
    </p>
   </div>
   <div class='ocr_carea' id='block_1_4' title="bbox 182 3819 511 3895">
    <p class='ocr_par' dir='ltr' id='par_1_9' title="bbox 182 3819 511 3895">
     <span class='ocr_line' id='line_1_41' title="bbox 182 3819 511 3895; baseline 0.015 -4"><span class='ocrx_word' id='word_1_380' title='bbox 182 3819 346 3892; x_wconf 79' lang='lat' dir='ltr'><strong>&#39;auxilium</strong></span> <span class='ocrx_word' id='word_1_381' title='bbox 368 3827 482 3895; x_wconf 82' lang='lat' dir='ltr'><strong>serens.</strong></span> <span class='ocrx_word' id='word_1_382' title='bbox 504 3860 511 3877; x_wconf 47' lang='lat' dir='ltr'><strong>r</strong></span> 
     </span>
    </p>
   </div>
   <div class='ocr_carea' id='block_1_5' title="bbox 191 3971 1334 4454">
    <p class='ocr_par' dir='ltr' id='par_1_10' title="bbox 191 3971 1334 4454">
     <span class='ocr_line' id='line_1_42' title="bbox 273 3971 1334 4056; baseline 0 -24"><span class='ocrx_word' id='word_1_383' title='bbox 273 3973 322 4034; x_wconf 87' lang='grc'><strong>10.</strong></span> <span class='ocrx_word' id='word_1_384' title='bbox 344 3974 427 4032; x_wconf 79' lang='lat' dir='ltr'><strong>Corte</strong></span> <span class='ocrx_word' id='word_1_385' title='bbox 446 3979 480 4033; x_wconf 82' lang='lat' dir='ltr'><strong>tu</strong></span> <span class='ocrx_word' id='word_1_386' title='bbox 498 3973 619 4035; x_wconf 82' lang='lat' dir='ltr'><strong>edoctor</strong></span> <span class='ocrx_word' id='word_1_387' title='bbox 637 3996 726 4036; x_wconf 78' lang='lat' dir='ltr'><strong>meus.</strong></span> <span class='ocrx_word' id='word_1_388' title='bbox 765 3971 893 4035; x_wconf 87' lang='lat' dir='ltr'><strong>Rursum</strong></span> <span class='ocrx_word' id='word_1_389' title='bbox 912 3993 1017 4035; x_wconf 88' lang='lat' dir='ltr'><strong>novam</strong></span> <span class='ocrx_word' id='word_1_390' title='bbox 1038 3973 1225 4034; x_wconf 88' lang='lat' dir='ltr'><strong>manitionem</strong></span> <span class='ocrx_word' id='word_1_391' title='bbox 1245 3971 1334 4056; x_wconf 79' lang='lat' dir='ltr'><strong>erigit</strong></span> 
     </span>
     <span class='ocr_line' id='line_1_43' title="bbox 192 4045 1333 4192; baseline 0.004 -85"><span class='ocrx_word' id='word_1_392' title='bbox 192 4045 303 4124; x_wconf 82' lang='lat' dir='ltr'><strong>David,</strong></span> <span class='ocrx_word' id='word_1_393' title='bbox 327 4070 386 4130; x_wconf 84' lang='lat' dir='ltr'><strong>quo</strong></span> <span class='ocrx_word' id='word_1_394' title='bbox 405 4051 528 4112; x_wconf 79' lang='lat' dir='ltr'><strong>Satanae</strong></span> <span class='ocrx_word' id='word_1_395' title='bbox 552 4053 697 4116; x_wconf 86' lang='lat' dir='ltr'><strong>machinas</strong></span> <span class='ocrx_word' id='word_1_396' title='bbox 723 4057 862 4114; x_wconf 84' lang='lat' dir='ltr'><strong>sustineat</strong></span> <span class='ocrx_word' id='word_1_397' title='bbox 887 4053 1071 4192; x_wconf 73' lang='lat' dir='ltr'><strong>compellat</strong></span> <span class='ocrx_word' id='word_1_398' title='bbox 1112 4053 1230 4132; x_wconf 78' lang='lat' dir='ltr'><strong>Colligit</strong></span> <span class='ocrx_word' id='word_1_399' title='bbox 1251 4057 1333 4112; x_wconf 87' lang='lat' dir='ltr'><strong>enim</strong></span> 
     </span>
     <span class='ocr_line' id='line_1_44' title="bbox 191 4125 1331 4214; baseline 0.005 -28"><span class='ocrx_word' id='word_1_400' title='bbox 191 4125 250 4188; x_wconf 88' lang='lat' dir='ltr'><strong>Dei</strong></span> <span class='ocrx_word' id='word_1_401' title='bbox 269 4127 417 4202; x_wconf 85' lang='lat' dir='ltr'><strong>beneficia,</strong></span> <span class='ocrx_word' id='word_1_402' title='bbox 437 4131 539 4210; x_wconf 85' lang='lat' dir='ltr'><strong>quibus</strong></span> <span class='ocrx_word' id='word_1_403' title='bbox 558 4133 669 4213; x_wconf 87' lang='lat' dir='ltr'><strong>pridem</strong></span> <span class='ocrx_word' id='word_1_404' title='bbox 688 4133 821 4194; x_wconf 86' lang='lat' dir='ltr'><strong>didicerat</strong></span> <span class='ocrx_word' id='word_1_405' title='bbox 840 4135 934 4214; x_wconf 90' lang='lat' dir='ltr'><strong>ipsum</strong></span> <span class='ocrx_word' id='word_1_406' title='bbox 954 4135 976 4193; x_wconf 87' lang='lat' dir='ltr'><strong>si</strong></span> <span class='ocrx_word' id='word_1_407' title='bbox 997 4135 1007 4194; x_wconf 90' lang='lat' dir='ltr'><strong>i</strong></span> <span class='ocrx_word' id='word_1_408' title='bbox 1025 4152 1088 4194; x_wconf 88' lang='lat' dir='ltr'><strong>csse</strong></span> <span class='ocrx_word' id='word_1_409' title='bbox 1107 4131 1234 4192; x_wconf 85' lang='lat' dir='ltr'><strong>Patrem.</strong></span> <span class='ocrx_word' id='word_1_410' title='bbox 1264 4131 1331 4192; x_wconf 91' lang='lat' dir='ltr'><strong>lmo</strong></span> 
     </span>
     <span class='ocr_line' id='line_1_45' title="bbox 191 4209 1330 4294; baseline 0.004 -28"><span class='ocrx_word' id='word_1_411' title='bbox 191 4211 346 4288; x_wconf 78' lang='lat' dir='ltr'><strong>antequem</strong></span> <span class='ocrx_word' id='word_1_412' title='bbox 369 4219 545 4288; x_wconf 87' lang='lat' dir='ltr'><strong>nasceretur,</strong></span> <span class='ocrx_word' id='word_1_413' title='bbox 569 4213 626 4272; x_wconf 88' lang='lat' dir='ltr'><strong>tate</strong></span> <span class='ocrx_word' id='word_1_414' title='bbox 647 4213 756 4294; x_wconf 88' lang='lat' dir='ltr'><strong>paterni</strong></span> <span class='ocrx_word' id='word_1_415' title='bbox 775 4215 880 4274; x_wconf 86' lang='lat' dir='ltr'><strong>amoris</strong></span> <span class='ocrx_word' id='word_1_416' title='bbox 899 4213 1023 4294; x_wconf 88' lang='lat' dir='ltr'><strong>speciem</strong></span> <span class='ocrx_word' id='word_1_417' title='bbox 1042 4211 1096 4272; x_wconf 93' lang='lat' dir='ltr'><strong>sibi</strong></span> <span class='ocrx_word' id='word_1_418' title='bbox 1114 4211 1201 4272; x_wconf 82' lang='lat' dir='ltr'><strong>fuisse</strong></span> <span class='ocrx_word' id='word_1_419' title='bbox 1221 4231 1239 4270; x_wconf 88' lang='lat' dir='ltr'><strong>a</strong></span> <span class='ocrx_word' id='word_1_420' title='bbox 1259 4209 1330 4270; x_wconf 86' lang='lat' dir='ltr'><strong>Deo</strong></span> 
     </span>
     <span class='ocr_line' id='line_1_46' title="bbox 195 4285 1331 4374; baseline 0.005 -30"><span class='ocrx_word' id='word_1_421' title='bbox 195 4285 352 4348; x_wconf 84' lang='lat' dir='ltr'><strong>exhibitum</strong></span> <span class='ocrx_word' id='word_1_422' title='bbox 372 4289 472 4366; x_wconf 80' lang='lat' dir='ltr'><strong>refert,</strong></span> <span class='ocrx_word' id='word_1_423' title='bbox 492 4298 525 4352; x_wconf 90' lang='lat' dir='ltr'><strong>ut</strong></span> <span class='ocrx_word' id='word_1_424' title='bbox 543 4293 644 4352; x_wconf 87' lang='lat' dir='ltr'><strong>merito</strong></span> <span class='ocrx_word' id='word_1_425' title='bbox 663 4293 764 4353; x_wconf 89' lang='lat' dir='ltr'><strong>mortis</strong></span> <span class='ocrx_word' id='word_1_426' title='bbox 788 4291 907 4374; x_wconf 79' lang='lat' dir='ltr'><strong>ealigine</strong></span> <span class='ocrx_word' id='word_1_427' title='bbox 926 4295 1088 4374; x_wconf 83' lang='lat' dir='ltr'><strong>oppressus,</strong></span> <span class='ocrx_word' id='word_1_428' title='bbox 1107 4293 1196 4350; x_wconf 84' lang='lat' dir='ltr'><strong>vitam</strong></span> <span class='ocrx_word' id='word_1_429' title='bbox 1210 4289 1246 4350; x_wconf 92' lang='lat' dir='ltr'><strong>ab</strong></span> <span class='ocrx_word' id='word_1_430' title='bbox 1262 4293 1331 4372; x_wconf 84' lang='lat' dir='ltr'><strong>ipso</strong></span> 
     </span>
     <span class='ocr_line' id='line_1_47' title="bbox 191 4365 1330 4454; baseline 0.005 -32"><span class='ocrx_word' id='word_1_431' title='bbox 191 4382 305 4444; x_wconf 84' lang='lat' dir='ltr'><strong>sperare</strong></span> <span class='ocrx_word' id='word_1_432' title='bbox 323 4367 434 4432; x_wconf 75' lang='lat' dir='ltr'><strong>audeat</strong></span> <span class='ocrx_word' id='word_1_433' title='bbox 453 4365 456 4376; x_wconf 87' lang='lat'>&#39;</span> <span class='ocrx_word' id='word_1_434' title='bbox 474 4369 556 4431; x_wconf 82' lang='lat' dir='ltr'><strong>lianc</strong></span> <span class='ocrx_word' id='word_1_435' title='bbox 575 4371 650 4432; x_wconf 87' lang='lat' dir='ltr'><strong>enim</strong></span> <span class='ocrx_word' id='word_1_436' title='bbox 671 4373 848 4454; x_wconf 87' lang='lat' dir='ltr'><strong>prudentiam</strong></span> <span class='ocrx_word' id='word_1_437' title='bbox 867 4371 954 4434; x_wconf 88' lang='lat' dir='ltr'><strong>dietat</strong></span> <span class='ocrx_word' id='word_1_438' title='bbox 972 4371 1096 4454; x_wconf 82' lang='lat' dir='ltr'><strong>Spiritus</strong></span> <span class='ocrx_word' id='word_1_439' title='bbox 1120 4369 1273 4447; x_wconf 69' lang='lat' dir='ltr'><strong>fidelibus,</strong></span> <span class='ocrx_word' id='word_1_440' title='bbox 1292 4375 1330 4429; x_wconf 86' lang='lat' dir='ltr'><strong>ut</strong></span> 
     </span>
    </p>
   </div>
   <div class='ocr_carea' id='block_1_6' title="bbox 0 0 1414 4886">
    <p class='ocr_par' dir='ltr' id='par_1_11' title="bbox 0 0 1414 4886">
     <span class='ocr_line' id='line_1_48' title="bbox 0 0 1414 4886; baseline 0 0"><span class='ocrx_word' id='word_1_441' title='bbox 0 0 1414 4886; x_wconf 95' lang='lat' dir='ltr'><strong> </strong></span> 
     </span>
    </p>
   </div>
  </div>
 </body>
</html>
