2804 4890
70 283 109 312 '·
186 301 241 360 242
614 299 899 378 conpulsus

187 429 275 490 ritum
289 425 417 486 induant
438 421 598 484 Prudenter
612 395 707 485 autem
726 423 763 484 dc
780 421 950 505 ,corrigenda
971 423 1074 508 duritie
1092 424 1157 506 pios
1176 423 1327 485 admonet:

188 509 256 590 qaia
275 509 300 567 ei
319 505 420 566 attenti
439 523 566 598 essemus
584 502 620 600 ad
641 502 698 563 Dei
717 503 832 576 ferulas,
851 509 885 562 ut
903 503 1029 579 decebat,
1053 507 1185 600 certatim
1205 505 1276 600 qais
1313 525 1330 566 e

187 581 833 744 tttttfiffltttmatttttatttttttt
846 584 1332 730 lildff‘ii'l‘alaimi'la

56 743 59 754 '
189 754 285 811 autem
304 743 471 805 animalibus
543 742 664 822 cbacttu
684 761 784 803 omnes
802 761 971 824 comparatae
985 743 1091 816 David,
1111 743 1255 824 poderam
1276 745 1332 803 illia

189 828 303 900 incutit,
333 832 362 884 et
385 822 469 884 simul
508 826 648 894 enuntiat,
679 829 779 883 conua
799 823 929 886 stimulos
953 823 1141 896 calcitrando,
1171 823 1245 884 nibil
1265 843 1332 905 pro·

190 907 285 966 ficere.
325 903 462 964 Homines
483 904 604 982 (inquit)
624 922 764 982 equorum
784 902 919 964 ferociam
939 903 1069 984 subigere
1093 911 1204 963 norunt
1234 907 1332 978 limis,

189 993 220 1046 et
239 985 355 1065 lupatis:
384 983 453 1080 qpid
473 983 558 1062 igitur
577 980 674 1042 Deum
693 989 796 1090 putant
814 982 972 1089 facturum,
997 981 1047 1042 ubi
1065 1001 1115 1043 eoa
1134 983 1332 1044 intractabiles

190 1072 327 1206 expeptpp
338 1063 568 1203 lllblldolom
586 1149 688 1224 impio.
713 1139 783 1200 Sine
801 1093 1079 1224 figura'pronuntiat
1097 1141 1192 1222 qualis
1212 1140 1333 1202 rebellas

119 1223 121 1235 '
190 1231 221 1285 et
238 1223 393 1283 obstinatas
413 1227 527 1281 maneat
542 1223 676 1282 conditio.
707 1219 792 1280 Prius
812 1221 923 1282 dixerat
942 1219 1039 1281 Deam
1058 1243 1117 1282 noa
1146 1241 1251 1282 carcre
1281 1222 1333 1281 ire

191 1305 234 1364 nis
248 1304 295 1362 vel
315 1303 428 1384 lupatis,
448 1301 552 1381 quibua
571 1321 672 1362 eorum
712 1303 867 1361 roterviam
886 1321 951 1362 eom
1035 1308 1062 1362 tr
1081 1321 1160 1362 nunc
1173 1301 1253 1362 addit
1270 1301 1332 1360 nnl-

191 1386 251 1444 lam
272 1384 387 1444 illorum
407 1382 526 1441 miseriis
545 1380 632 1441 finem
652 1322 711 1441 vel¹
719 1381 838 1442 modum
857 1381 929 1458 lora,
968 1401 1039 1442 onec
1059 1401 1178 1462 prorsus
1198 1399 1332 1442 canaam·

211 1466 232 1523 ti
251 1463 363 1523 fuerint
389 1459 528 1541 Quamvis
548 1481 618 1544 crgo
638 1461 673 1522 ad
693 1467 808 1557 tempus
828 1461 910 1521 nobie
929 1459 1129 1542 parcatDeas,
1150 1469 1258 1521 tera-eat
1278 1481 1331 1520 noe

190 1485 262 1602 baec
286 1543 474 1614 denuntiatio,
503 1559 540 1598 ne
565 1541 727 1622 temporalia
752 1543 906 1622 impunitas
930 1562 983 1602 nos
1008 1540 1144 1602 obduret:
1174 1561 1271 1622 neque
1291 1543 1332 1599 sic

191 1643 246 1684 nos
266 1623 385 1704 decipiat
404 1622 577 1702 prosperitas
597 1623 643 1680 cni
664 1617 745 1681 Deus
764 1621 915 1696 maledicit,
975 1623 1004 1681 in
1023 1621 1164 1681 reconditi
1183 1623 1229 1682 idi
1248 1621 1330 1680 dolo-

192 1699 883 1844 azantnratuattttnta:
907 1643 1327 1863 cluaneca

129 1866 146 1943 ⁴,
191 1861 245 1923 boa
265 1863 345 1938 dixit,
365 1881 478 1922 rumam
498 1861 585 1935 addit,
605 1859 745 1922 laumense
765 1861 891 1922 bonitate
910 1863 1081 1922 instructam
1101 1881 1165 1923 mse
1184 1880 1328 1942 quaauae

194 1961 294 2003 omnes
314 1941 451 2002 sublevet.
472 1939 590 2000 Summa
611 1948 664 2016 est,
682 1961 742 2002 non
762 1941 838 2002 alind
857 1960 920 2002 esse
938 1943 1020 2002 malis
1039 1944 1145 2003 nostris
1164 1942 1332 2016 remedium,

193 2025 247 2084 aiei
268 2027 301 2082 nt
320 2021 460 2082 humiliati
474 2019 594 2082 sobDei
609 2040 705 2095 manu,
726 2022 845 2082 salntem
865 2029 993 2083 noemam
1011 2023 1041 2082 in
1061 2023 1124 2084 oola
1143 2025 1207 2083 eina
1227 2025 1332 2083 adseri-

194 2103 290 2164 cordia
315 2101 479 2163 laudemus:
508 2120 559 2161 eos
578 2121 649 2162 vero
674 2102 725 2182 qni
744 2103 774 2162 in
794 2101 1103 2178 Deumreetrbueriat,
1123 2103 1261 2164 omnibus
1281 2123 1332 2162 on·

194 2184 280 2244 meris
300 2182 399 2242 beatos
419 2181 495 2242 lore:
517 2183 586 2268 ‚qaia
612 2181 801 2266 undecunque
824 2202 874 2243 eoa
894 2191 1041 2266 oppugnet
1059 2181 1163 2258 Satan,
1187 2182 1333 2245 Dominus
1385 2207 1386 2248 t

195 2283 261 2327 cum
280 2281 334 2322 suo
353 2257 493 2342 praesidia
513 2267 652 2321 ocmrrct.
985 2267 987 2269 ’

274 2345 320 2404 11.
351 2346 523 2401 hemonini
542 2339 713 2402 tn'letoec.
754 2339 912 2422 Postquam
931 2339 1029 2404 David
1048 2361 1147 2404 veram
1166 2343 1333 2403 felicitatem

193 2421 401 2564 lliliild
410 2421 1099 2567 llildlmriidllilimai‘iialiilidi
1116 2423 1333 2564 *fficio*

192 2581 263 2644 nihil
278 2580 398 2642 ,obstare
418 2581 571 2660 quominus
591 2579 688 2640 Deam
712 2580 765 2640 sibi
790 2585 946 2662 propitium
970 2603 1033 2644 esse
1052 2545 1182 2642 staluant
1203 2583 1256 2664 qni
1277 2545 1333 2642 tanl

194 2661 315 2742 benigne
339 2667 368 2720 et
394 2661 514 2720 comiter
537 2659 573 2728 ad
597 2659 858 2722 reconciliationem
883 2681 914 2724 se
935 2655 1026 2724 offert
1064 2661 1180 2724 interm
1201 2669 1333 2722 aeternas

195 2741 273 2802 hunc
298 2739 546 2820 incomparabilem
572 2760 634 2800 ease
657 2739 722 2800 fidoi
752 2739 891 2817 fructum,
921 2763 1007 2823 quem
1036 2744 1121 2804 etiam
1152 2743 1335 2802 commendat

95 2867 97 2874 .
169 2849 175 2862 ·
196 2819 315 2898 Paulus,
341 2819 410 2879 dum
430 2819 543 2958 seilicsp
556 2821 671 2902 piorum
690 2812 1068 2904 conscientiac'tranquilla'e
1086 2829 1117 2883 et
1136 2821 1244 2884 hilares
1264 2840 1334 2902 pace

195 2909 225 2962 et
245 2901 349 2982 gaudio
369 2899 508 2981 spirituaii
540 2904 671 2959 muctar.
702 2898 776 2960 Nam
796 2901 958 2982 ubicunqne
977 2902 1084 2984 vigebit
1102 2901 1184 2975 fides,
1206 2921 1272 2962 eam
1291 2921 1332 2961 sc·

196 2989 300 3062 quotue
324 2979 395 3046 haee
417 2986 517 3048 saneta
560 2979 680 3050 toridio.
725 2979 784 3050 Sed
808 2982 876 3061 quia
905 2982 1012 3046 munde
1041 3001 1094 3044 sua
1122 2983 1258 3064 impietas
1288 2981 1334 3040 ob.

164 3139 167 3144 Ι
196 3059 339 3120 staculum
358 3065 410 3132 est,
430 3077 466 3118 ae
486 3057 523 3120 ad
540 2999 628 3120 buius
648 3059 743 3140 gaudii
763 3062 1009 3144 participationem
1029 3061 1158 3124 accedat:
1178 3062 1245 3121 ideo
1261 3063 1336 3122 solos

182 3142 289 3204 *iustos
309 3137 465 3218 compellat¹
481 3137 585 3212 David,
607 3145 680 3218 quo's
700 3140 815 3200 eosdem
832 3150 928 3201 rectos
941 3143 1035 3202 'corde
1053 3143 1191 3216 nominat,
1213 3148 1249 3201 ut
1268 3145 1336 3201 scia·

196 3239 262 3280 mus
280 3224 416 3278 externae
434 3217 558 3277 iustitiae
582 3220 725 3298 specimen
744 3237 818 3300 qaae
842 3219 1004 3282 hominibut
1028 3221 1146 3296 anidet,
1175 3221 1250 3282 nibil
1276 3239 1335 3281 me

196 3315 294 3369 coram
314 3295 388 3356 Deo.
428 3293 487 3356 Sed
512 3297 657 3376 quomodo
682 3300 772 3359 iustos
795 3307 882 3360 vocat
906 3312 1029 3378 quorum
1053 3307 1114 3361 tota
1139 3301 1284 3361 felicitatis
1308 3303 1335 3360 in

66 3447 71 3456 ⁵
217 3377 319 3436 ratnita
339 3375 395 3435 Dei
421 3376 571 3436 clementia
595 3379 686 3457 posita
710 3385 768 3452 eet,
792 3373 869 3438 dam'
886 3379 941 3438 illis
960 3387 1078 3460 peecata
1104 3379 1165 3440 aion
1194 3381 1335 3463 imputat?

197 3397 380 3535 llespandco,
400 3473 459 3514 non
479 3455 550 3516 alios
571 3457 657 3536 recipi
677 3459 707 3518 in
725 3459 933 3538 gratiamnnisi
952 3461 1003 3539 qai
1022 3457 1075 3520 sibi
1093 3459 1123 3520 in
1142 3459 1223 3520 vitiis
1242 3461 1336 3541 displi·

197 3541 273 3607 cent,
292 3541 323 3594 et
341 3537 383 3594 ex'
398 3535 493 3594 animo
513 3537 567 3596 resi
589 3537 694 3596 locunt:
715 3557 774 3596 non
794 3539 872 3618 quod
893 3539 1064 3618 poenitentia
1084 3537 1138 3601 sibi
1154 3541 1273 3600 veniam
1293 3557 1335 3599 ar·

199 3615 324 3693 quirent,
350 3614 399 3673 sed
424 3615 531 3694 quia'a
546 3557 668 3696 -alptrttu
693 3635 725 3676 re
761 3619 912 3677 necationis
938 3617 1034 3678 divelli
1062 3637 1121 3677 nuo
1164 3639 1213 3680 am
1243 3627 1336 3700 potest

126 3731 129 3740 .
196 3691 277 3752 fides.
317 3693 376 3752 lam
395 3711 465 3752 vero
486 3695 534 3753 nbi
553 3713 584 3753 ec
604 3693 669 3754 Deo
688 3695 724 3755 ad
744 3699 817 3758 icere
837 3705 1002 3778 cooperunt,
1022 3699 1132 3758 rectitm
1144 3701 1223 3759 inem
1242 3699 1337 3758 cordia

72 3829 79 3844 ,
197 3773 311 3832 illorum
332 3773 449 3852 perinde
468 3781 613 3856 acceptam
634 3773 719 3835 habet
738 3778 794 3836 acsi
814 3777 923 3858 integra
944 3783 1019 3838 esset
1037 3795 1071 3837 ac
1087 3778 1225 3858 perlecta,
1244 3797 1337 3856 neque

197 3853 273 3911 enirn
294 3853 388 3912 solum
404 3851 548 3912 hominem
563 3852 628 3913 Deo
643 3857 808 3917 reconciliat
821 3855 902 3930 fides,
921 3857 971 3916 aed
984 3857 1122 3938 quicquid
1137 3860 1168 3927 ia
1188 3877 1226 3919 eo
1244 3857 1338 3919 adhoc

198 3938 241 3990 cst
267 3931 467 4069 implerfectum
492 3933 665 4008 auctificat,
693 3937 870 4024 nttgratnita
895 3933 952 3996 Dei
975 3935 1149 4016 indulgentia
1173 3940 1270 4000 iusim
1292 3939 1338 4012 sit,

192 4011 250 4092 *qui
270 4030 310 4070 nu
333 4012 475 4072 emerito
495 4017 606 4072 tantum
627 4012 734 4076 bonnm
753 4017 901 4097 acquirere
920 4016 972 4077 sibi
992 4022 1098 4098 posset
