2804 4890
471 176 742 254 laureatas
776 181 864 228 xxxa
1054 173 1058 184 '
1214 187 1267 247 231

212 299 266 368 to.
289 299 398 386 Quarti
422 298 525 368 multa
552 299 680 370 bonitas
707 311 763 371 tua
789 315 887 396 quarn
916 303 1107 376 abscondisti
1135 305 1268 378 timenti·

108 405 178 474 bna
201 417 251 490 te,
280 405 448 474 exercuisti
476 408 708 476 confidentibus
728 409 762 476 irr
783 419 832 494 te,
859 432 967 478 eoram
993 411 1065 481 filiis
1086 413 1264 482 hominurn.

106 507 169 580 202
195 500 383 581 Abscondes
406 536 468 600 ¹eos
495 515 529 582 in
558 513 742 586 abscondito
764 517 872 590 vallus
900 518 957 602 tui,
984 542 1002 586 a
1025 519 1181 610 superbiis
1203 521 1262 588 viri

106 617 293 687 occultabia
322 642 380 688 eos
406 619 603 714 irruguus,
630 647 649 690 a
672 621 739 690 rixa
760 623 947 715 linguarum.
992 625 1048 693 tt.
1069 625 1278 694 Benefflcus.
1333 609 1379 701 s„

105 724 252 814 lebera,
280 726 352 818 quia
378 727 556 796 mirabilem
582 727 716 799 reddidit
746 729 918 799 bonitatem
945 752 1039 798 snam*
1059 755 1131 823 erga
1152 731 1261 800 mein
1322 793 1326 806 .

105 831 245 901 civitate
267 831 400 901 munita.

195 1005 247 1076 19.
271 1018 368 1088 Quam
391 1016 486 1076 matra
510 1015 635 1080 donitas.
680 1011 746 1078 Hoc
770 1035 856 1078 versu
872 1003 1024 1077 'exclamat
1043 1005 1196 1098 benigrinm
1215 1037 1260 1081 er·

102 1111 149 1175 gn
175 1111 248 1152 snos
272 1093 396 1154 cultores
420 1101 449 1154 et
473 1093 633 1156 beneficum
659 1115 721 1156 esse
740 1094 850 1172 Deum,
876 1116 963 1178 supra
983 1115 1069 1178 quarn
1090 1117 1189 1158 aeneus
1208 1119 1260 1159 no·
1303 1109 1333 1126 ²

101 1181 171 1234 ster
196 1174 299 1254 capiat
338 1172 455 1234 Bonitas
481 1175 557 1234 enim
583 1174 629 1238 hie
655 1196 709 1258 pro
730 1177 817 1237 affetu
838 1196 891 1236 suo
911 1178 1031 1258 capitur.
1070 1171 1258 1257 Interrbgatio
1298 1169 1305 1178 ”

101 1261 214 1314 autem
239 1253 417 1314 vehementia
442 1273 502 1316 non
527 1261 618 1316 caret:
665 1256 712 1316 uia
738 1277 797 1316 non
818 1257 981 1337 simpliciter
1000 1257 1142 1338 praedicat
1162 1255 1257 1318 David

100 1332 269 1414 benignum
293 1349 355 1394 csse
373 1329 485 1408 Deum,
510 1333 560 1396 sed
579 1335 608 1394 in
628 1276 843 1396 admirationem
863 1335 994 1398 bonitatis
1015 1355 1101 1418 qnam
1122 1343 1271 1422 expertus,

102 1421 185 1488 erat,
211 1415 331 1552 rapitur.
350 1411 452 1494 Neque
467 1415 543 1476 enim
558 1413 675 1474 dubiam
690 1423 734 1476 est
753 1417 822 1497 quin
842 1437 896 1497 pro
911 1435 963 1476 sna
976 1418 1149 1497 experientia
1164 1417 1257 1481 erubr-

148 1501 160 1552 t
186 1495 218 1554 in
259 1512 313 1553 auc
332 1513 455 1568 vocem,
476 1496 542 1574 quia
567 1493 685 1555 mirifice
709 1501 738 1556 el
763 1499 811 1556 ino
832 1497 909 1556 inato
929 1496 1016 1556 modo
1036 1515 1074 1558 ex
1093 1497 1152 1556 auis
1171 1495 1255 1556 malis

131 1571 252 1634 berabra
273 1573 375 1637 fuerat.
398 1573 498 1654 Itaque
517 1573 617 1636 fideles
636 1595 690 1634 auo
710 1517 831 1658 exempi

103 1659 229 1734 captum
250 1672 407 1734 assurgere,
427 1661 459 1713 nt
478 1653 563 1735 longe
583 1655 648 1735 plup
668 1654 720 1714 sibi
740 1657 910 1736 promittant
929 1662 960 1714 et
978 1661 1144 1734 exspectant
1164 1675 1180 1715 a
1211 1675 1254 1716 ra·
1276 1677 1279 1682 ·

102 1735 151 1794 tia
171 1731 244 1798 Dei.
272 1753 359 1813 qnam
389 1733 530 1814 concipiat
554 1725 679 1796 hnmaub
704 1738 786 1796 ratio.
830 1733 990 1795 Bonitatem
1016 1733 1073 1794 Dei
1096 1675 1253 1796 utilioribus

108 1813 308 1874 absconditam
332 1833 394 1874 esre
418 1813 500 1888 dicit,
531 1813 598 1896 qnia
644 1813 773 1876 eculiaris
797 1821 843 1875 est
866 1835 967 1876 eorum
991 1813 1150 1877 thesaurus.
1190 1813 1253 1876 Etsi

108 1893 192 1952 enirn
215 1912 277 1954 aeae
302 1895 388 1954 variis
412 1893 505 1954 modis
529 1835 660 1954 extendit
682 1893 718 1954 ad
744 1895 880 1976 profanos
900 1901 929 1956 et
949 1892 1095 2032 indignos,
1120 1895 1251 1976 ipsisque

825 1575 1323 1656 ommmm'

104 1973 274 2114 promiscue
299 1980 343 2032 eat
361 1975 505 2059 exposita:
529 1973 615 2054 longe
639 1979 734 2036 lamen
760 1973 875 2036 uberius
894 1980 924 2034 et
943 1974 1010 2034 lucu
1022 1975 1120 2034 entius
1135 1993 1166 2033 ae
1185 1994 1251 2056 pro-

119 2060 167 2114 ert
188 2071 255 2134 erga
274 2051 388 2112 fideles:
409 2055 475 2134 quia
495 2054 581 2113 eliam
602 2053 656 2114 soli
676 2053 807 2114 omnibns
827 2053 885 2114 Dei
904 2053 1047 2116 beneficiis
1066 2053 1201 2114 fruuntur
1220 2055 1250 2114 in
1289 2103 1297 2122 Ι

102 2133 241 2194 atatem
281 2132 372 2206 Adde,
393 2133 472 2212 quod
491 2131 582 2208 Deus,
601 2133 669 2194 licet
688 2134 777 2194 solem
798 2154 881 2194 suum
902 2135 970 2208 oriri
988 2133 1074 2194 faciat
1092 2153 1180 2214 snper
1199 2133 1249 2194 bo-

104 2233 163 2272 nos
184 2219 215 2272 et
234 2213 334 2287 malos,
354 2213 455 2274 blattb.
475 2217 504 2288 5,
525 2213 573 2276 45.
594 2203 652 2274 imo
672 2233 703 2273 εε
722 2214 814 2273 brutis
856 2234 950 2294 uoquo
971 2212 1140 2274 animalibus
1149 2213 1247 2272 libera·

101 2293 166 2354 lena
186 2291 333 2358 exhibeat:
353 2313 385 2354 se
405 2301 500 2354 tamen
520 2313 587 2354 vere
607 2301 637 2354 et
655 2293 685 2354 in
705 2293 828 2354 solidum
873 2301 963 2356 alrenr
983 2315 1041 2354 non
1062 2293 1188 2354 declarat
1207 2295 1248 2352 ni-

101 2375 128 2434 si
154 2373 247 2434 servia
266 2375 338 2434 *suia
378 2371 477 2451 Quare
502 2394 560 2433 non
586 2372 636 2434 abs
660 2393 692 2434 re
717 2373 881 2434 abscondita
906 2374 1009 2436 dicitur
1034 2372 1163 2434 fidelibus
1190 2371 1245 2432 Dei

101 2453 236 2530 bonitas,
283 2472 334 2514 uos
359 2457 475 2535 propius
500 2459 530 2514 et
553 2455 644 2534 magis
669 2453 841 2514 familiariter
859 2454 958 2514 favore
977 2474 1030 2512 suo
1051 2454 1185 2535 prosequi
1206 2453 1245 2512 di-

101 2539 221 2615 gnatur.
261 2474 392 2612 buldam
421 2532 551 2592 subtilius
580 2533 734 2594 bonitatem
765 2531 821 2592 Dei
851 2533 1045 2596 absconditam
1074 2534 1245 2614 intelligunt,

104 2615 176 2695 qnia
195 2611 277 2674 Dens
301 2632 387 2694 saepe
412 2612 486 2674 filios
511 2632 580 2672 suos
605 2633 689 2674 cruce
714 2619 743 2674 el
762 2615 882 2674 miseriis
902 2631 1051 2687 exercens,
1076 2632 1156 2672 auam
1177 2631 1244 2693 erga

100 2714 155 2754 eoa
182 2695 302 2772 gratiam
322 2693 459 2754 occultat.
483 2712 578 2772 neque
602 2699 696 2752 tanuen
717 2713 817 2754 eorum
839 2693 1024 2752 obliviscitur.
1065 2691 1243 2752 Probabiliaa

100 2780 201 2834 tamen
221 2780 274 2848 est,
294 2793 347 2854 pro
367 2774 492 2852 reposito
512 2771 646 2832 thesauro
667 2774 754 2834 sumi:
774 2775 827 2833 nisi
849 2773 922 2832 forte
942 2773 976 2832 od
999 2775 1110 2852 piorum
1125 2791 1241 2832 sensum

100 2854 131 2914 id
158 2853 267 2914 referre
293 2847 416 2934 placeat:
431 2852 510 2932 ‘quin
535 2851 590 2912 soli
616 2856 667 2929 (ut
687 2853 794 2912 dictum
814 2855 874 2930 est)
896 2851 1017 2912 Divinae
1041 2851 1243 2912 beneficentiae

100 2927 231 2994 frirctnm
250 2935 351 2994 animis
370 2933 543 3014 percipiunt:
586 2951 653 2991 uum
673 2933 775 3013 impios
794 2933 931 3014 impediat
951 2931 1050 2991 brutus
1070 2937 1184 3012 stupor,
1204 2949 1241 2995 nc

99 3012 201 3074 Βεειιι
221 3019 375 3092 agnoscant
395 3011 552 3072 beneficum
597 3019 697 3084 strena,
717 3013 785 3072 dum
805 3032 836 3072 se
855 3014 1029 3092 ingurgitant
1047 3012 1107 3070 eius
1127 3010 1239 3092 opibus,

100 3095 142 3156 ila
161 3093 196 3153 fit
217 3101 250 3152 ut
267 3091 323 3152 Dei
343 3092 454 3152 bonitas
474 3112 573 3152 omnes
593 3092 692 3152 mnndi
712 3101 806 3174 parter
826 3093 942 3174 impleat
962 3110 997 3152 ac
1017 3097 1150 3170 occupet,
1176 3091 1238 3150 vul·

99 3193 139 3256 go
158 3181 257 3234 tamen
277 3175 374 3254 ignota
393 3173 449 3251 sit„
480 3169 538 3232 Sed
558 3171 714 3254 prophetae
734 3179 858 3233 mentem
880 3173 984 3232 eortius
999 3170 1237 3252 aperietanlitlre·

98 3256 140 3314 sia
165 3256 240 3314 inter
268 3251 365 3313 fideles
391 3259 421 3312 et
440 3261 602 3312 extraneos.
641 3251 725 3312 Sicut
743 3254 820 3313 enim
840 3253 927 3312 trimo
948 3251 1101 3332 providus,
1125 3253 1164 3310 ita
1185 3251 1239 3311 erit

98 3335 131 3394 in
160 3353 262 3394 omnes
291 3331 429 3406 liberalis,
458 3338 492 3392 nt
520 3331 595 3392 filios
625 3339 720 3392 tamen
749 3333 797 3392 vel
832 3333 1001 3393 domesticos
1036 3351 1095 3391 non
1127 3330 1238 3391 defrau-

99 3413 165 3488 det,
185 3433 241 3474 nee
263 3413 381 3496 prodige
401 3403 546 3494 laigieudo
565 3411 715 3474 exhauriat
735 3413 852 3474 domum
871 3433 964 3472 suam:
992 3414 1031 3471 ita
1050 3409 1132 3472 Deus
1156 3418 1235 3470 ente·

97 3495 139 3556 ris
159 3493 352 3567 benefaciens,
381 3491 446 3554 filiis
474 3499 571 3554 tamen
599 3511 714 3554 servare
737 3495 818 3554 novit
842 3493 920 3572 qnod
939 3493 968 3552 in
993 3493 1071 3572 ipsos
1095 3493 1231 3572 competit

98 3575 185 3654 qnasi
204 3571 392 3634 haereditario
412 3575 493 3652 inre„
524 3572 701 3654 Augustiana
721 3593 823 3654 parum
843 3573 972 3668 apposite
992 3571 1035 3632 bis
1056 3571 1150 3632 verbis
1170 3591 1237 3652 pro-

97 3653 163 3726 bat,
196 3673 246 3714 eoa
272 3654 322 3734 qui
347 3653 407 3714 sine
439 3651 496 3712 fide
521 3651 640 3713 horrent
669 3653 805 3714 iudicium
835 3649 907 3726 Der,
941 3673 1000 3724 uon
1030 3660 1145 3733 gustare
1174 3653 1235 3710 eius

96 3733 269 3794 bonitatem:
289 3740 319 3792 et
338 3734 404 3793 eiua·
418 3751 499 3792 error
518 3733 620 3792 clarina
641 3735 773 3814 proximo
793 3731 922 3792 membro
943 3732 1087 3804 refellitur,
1108 3731 1156 3792 ubi
1173 3729 1231 3790 Da·

39 3820 48 3843 '
95 3813 145 3874 rid
176 3815 357 3896 pronuntiat,
387 3813 482 3893 ipsum
501 3809 598 3872 Deum
627 3831 723 3874 coram
752 3811 860 3872 mundo
890 3811 947 3872 boc
972 3819 1105 3872 testatum
1133 3813 1233 3882 facere,

92 3913 201 3974 nempe
225 3891 420 3954 inaestimabili
446 3891 571 3952 bonitate
596 3911 627 3950 se
656 3910 721 3973 erga
747 3891 870 3952 caltores
894 3912 962 3952 suos
982 3909 1043 3951 esse
1064 3893 1232 3974 praeditum,
1346 3969 1350 3972 -

94 3981 129 4034 ut
153 3994 256 4034 eornm
282 3973 366 4034 saluti
392 3974 553 4054 prospiciat.
593 3969 676 4032 Unde
696 3971 856 4052 colligimus
876 3993 934 4034 non
955 3973 990 4032 de
1010 3979 1125 4044 aelerna
1145 3971 1230 4030 beati·
1279 4009 1285 4018 .

93 4054 204 4128 ladius,
225 4073 304 4134 quae.
318 4055 381 4134 pios
401 4055 429 4112 in
450 4054 660 4125 coelis=manet,
680 4051 726 4112 bie
745 4055 868 4126 tractari,
888 4053 938 4113 sed
958 4053 993 4111 de
1008 4052 1119 4110 auxiliis
1135 4069 1168 4110 ae
1183 4049 1232 4110 be·
1270 4115 1278 4128 ‚

93 4133 204 4195 neficiia
224 4139 298 4214 quae
317 4131 353 4192 ad
374 4134 528 4214 praesentis
549 4135 624 4192 vitae
635 4135 878 4194 conservationem
890 4134 1043 4230 pertinent:
1064 4149 1138 4209 quac
1159 4129 1229 4190 arico

94 4215 244 4275 manifesta
270 4221 333 4273 etse
358 4213 454 4288 docet,
480 4219 512 4272 ut
537 4213 649 4293 profani
680 4233 796 4310 quoquo
821 4213 965 4285 homrnes,
996 4211 1100 4270 oculati
1127 4229 1229 4270 ,eorum

94 4301 179 4356 testes
199 4313 263 4356 essa
282 4299 431 4387 cogantur,
449 4293 587 4355 etaienim
598 4291 759 4357 omniaDer
779 4313 865 4376 opera
872 4293 984 4389 ‘elauris
995 4291 1085 4350 oculis
1094 4291 1231 4372 praeterit

211 4560 237 4610 l
