2748 4890
396 279 629 322 rnnsaum
653 277 778 322 mvn.
987 287 994 308 ι
1111 280 1166 340 233

47 411 269 472 morarentur:
289 408 321 464 et
338 403 469 484 quamvis
489 403 585 483 inopia
598 399 738 476 hbuuent,
757 400 838 464 Deus
856 407 952 466 tamm
970 403 1098 483 ipsoram
1117 425 1165 468 ne·

48 485 217 550 oessimtibns'
234 485 263 545 in
286 489 414 563 tempore
438 481 585 544 succurrit.
626 479 774 544 Postremo
799 484 929 561 quamuis
953 485 1097 544 emunda
1116 504 1168 548 aos

26 599 34 622 ·
50 567 226 630 exterminare
244 569 382 624 ooneutur
399 563 489 642 impii,
509 568 539 622 et
556 561 687 642 indignus
712 567 845 643 reputent
868 563 918 640 qui
937 561 1070 627 ternant
1088 583 1166 626 oom-

48 643 152 710 inuuem
175 651 285 718 aerem,
304 639 385 702 Deus
410 649 507 702 tamen
531 648 647 704 extenta
676 661 763 702 manu
786 661 837 702 eos
860 643 999 722 protegit„v
1034 641 1168 724 Denique
1230 661 1234 671 ’

49 730 83 788 sie
100 746 147 788 eos
164 725 269 784 virtute
288 739 341 782 ana
360 723 490 797 sustinet,
514 727 552 783 nt'
569 721 695 782 securius
718 722 750 784 in
768 721 856 784 exilio
876 722 991 796 vivant,
1009 743 1095 801 quam
1114 725 1167 786 ina·

48 809 82 888 pii
103 807 137 866 in
153 805 205 864 s'uo
228 801 295 862 nido
315 801 362 862 oui
386 799 469 860 allisi
485 807 561 860 suut.
600 799 652 866 Ita
666 799 723 862 hoo
741 800 947 880 bonumquod
966 803 1089 862 oetsnrn
1108 802 1176 864 Da«

49 886 100 959 rid,
116 883 231 944 interius
249 887 295 942 est
312 897 347 940 an
366 881 511 942 oeoultnm
530 899 568 940 ex
587 885 678 962 parte,
689 882 765 960 =quia
785 900 843 940 non
858 881 1037 1021 capitoamis
1053 879 1169 944 nostrae'

50 973 139 1044 stupor
156 961 224 1042 quid
243 962 281 1022 sit
299 959 443 1040 possidere
463 967 575 1021 terram.
605 957 644 1020 Et
662 967 758 1022 tamen
777 977 888 1022 versae
910 962 1044 1023 uoulento
1063 962 1178 1032 effatu

49 1047 162 1104 mutiunt
180 1040 287 1114 fideles,
307 1039 480 1117 non-‚frustra
499 1038 551 1100 sihi
569 1039 639 1100 illud
653 1042 825 1120 promissum
843 1058 920 1100 osae:
940 1043 1075 1120 qnouim
1094 1043 1170 1104 iusta

49 1121 179 1184 iuDoum
197 1137 303 1182 manre
322 1120 412 1180 vitam
431 1119 467 1180 de
486 1119 532 1180 die
549 1121 581 1180 in
600 1119 677 1180 diem
695 1119 805 1200 placida
827 1121 997 1199 transigunt.
1034 1118 1073 1190 Fal
1086 1119 1169 1184 Deus

50 1206 131 1285 reipsa
149 1200 273 1262 declarat
291 1197 422 1262 umbram
440 1217 542 1260 manus
561 1217 630 1260 suae
649 1199 686 1260 ad
706 1219 755 1260 eus
774 1198 897 1260 tuendos
914 1199 1056 1260 ruffinam.
1163 1249 1165 1259 .

82 1310 87 1318 ·
115 1285 161 1344 10.
179 1283 222 1340 Et
240 1281 348 1340 adino,
355 1281 518 1358 paulitionem
549 1276 736 1340 Confirmatio
756 1275 903 1360 proximae
916 1281 1081 1353 sententiae,
1100 1279 1170 1342 obii·

51 1381 106 1424 uere
121 1362 194 1422 enirn
213 1364 381 1440 promptum
400 1366 488 1431 esset,
507 1358 698 1439 longo'alium
717 1359 817 1420 mnndi
837 1363 944 1420 statum
964 1361 1086 1438 anubin
1101 1381 1171 1422 oon·
1210 1401 1223 1422 .

50 1443 119 1582 pplioi,
137 1437 388 1578 q⁰¹m,pl,⁸1⁶di⁰1⁰t
407 1437 512 1509 David,
531 1439 599 1532 prtia
618 1439 742 1580 ipppieiuiu
762 1440 821 1514 suis
841 1437 947 1500 deliciis
965 1441 1118 1514 exsultant,
1135 1439 1170 1500 ti.
1223 1459 1226 1466 ¹

89 1541 115 1581 es
132 1539 199 1582 vero
236 1537 277 1578 aaa
295 1537 334 1578 uo
364 1537 399 1578 an
440 1537 489 1578 ors
508 1537 611 1578 misere
678 1567 679 1572 ,

52 1602 185 1660 elisiones
209 1616 366 1670 rovocans,
390 1539 439 1658 all²
450 1598 586 1678 exiguum
609 1603 725 1678 tempus
749 1599 894 1678 quarere
916 1617 970 1658 nos
994 1600 1082 1672 iubet,
1101 1599 1172 1662 (lum

52 1681 168 1742 radicitus
190 1679 260 1738 illos
284 1675 427 1740 Dominus
450 1677 567 1738 evellat:
596 1679 702 1756 gratiae
729 1695 799 1738 vero
822 1695 893 1738 suae
921 1676 1079 1740 effioaoiam
1102 1698 1171 1760 erga

53 1781 93 1821 aon
109 1759 236 1820 declaret.
268 1755 351 1820 Hauc
367 1777 439 1836 ergo
458 1756 638 1837 prudentiam
657 1776 674 1816 a
694 1755 823 1818 fidelibus
838 1757 966 1834 requirit,
985 1765 1017 1818 ut
1035 1759 1172 1822 iudiciuin
1218 1767 1221 1798 ¹

53 1859 123 1900 suum
130 1839 276 1919 paulisper
284 1837 468 1918 suspendant,
487 1836 579 1896 (louen
598 1855 615 1896 e
630 1835 712 1896 eoelo
722 1837 851 1902 ostendat
860 1833 941 1896 Dens
951 1837 1049 1900 adesse
1057 1845 1172 1918 tempus

53 1916 225 2000 planitudinis:
247 1922 336 1997 atque
354 1917 393 1976 ita
411 1937 471 1982 nou
490 1915 643 1976 subsistunt
661 1917 692 1978 iu
707 1916 825 1996 singolis
843 1918 1004 1986 momentis,
1023 1917 1074 1978 sed
1092 1937 1171 1984 meu,-

54 2008 102 2058 ten
121 1997 276 2058 extendant
297 1997 336 2056 ad
354 1994 412 2056 Dei
435 1996 652 2076 providentiam.
688 1993 780 2073 Quod
804 2015 881 2058 nunu
905 2015 958 2076 pro
983 1997 1172 2078 exspertenti·

54 2079 99 2137 bus
114 2075 256 2149 lehunum,
274 2079 454 2144 Mamertae
477 2077 572 2156 ponit,
597 2076 707 2156 optima
728 2076 840 2136 natione
863 2077 971 2136 nititur.
1010 2075 1072 2138 ltai
1095 2077 1173 2138 enim

54 2159 106 2238 quis
122 2163 224 2222 mmet
239 2153 341 2216 Deum
360 2154 523 2216 mirabiliter
541 2173 610 2216 snos
628 2157 703 2216 tueri
720 2175 780 2216 nnn
799 2175 881 2216 senus
905 2161 993 2235 atque
1011 2175 1081 2217 oves
1098 2156 1174 2220 inter

54 2237 207 2317 lupoanim
225 2237 262 2296 vi
284 2236 421 2316 repellere
444 2247 559 2315 semper
582 2233 710 2318 tentabit.
750 2233 822 2296 Sola
843 2236 931 2314 igitur
953 2251 1173 2315 speamausue·

53 2317 160 2378 tulimus
182 2335 221 2378 ex
248 2321 281 2376 to
304 2316 392 2396 parit,
423 2315 489 2396 qaia
518 2314 657 2376 tranando
688 2316 781 2376 earnis
805 2317 944 2395 impetus,
972 2315 1173 2395 terroremque

55 2395 182 2476 planando,
200 2395 240 2457 ad
262 2396 434 2475 aequitatem
453 2401 482 2455 et
501 2394 682 2456 tolerantiam
701 2389 795 2456 eruuit
813 2396 863 2474 qui
883 2413 914 2456 so
927 2393 992 2455 Deo
1012 2395 1173 2459 subterna

53 2477 131 2556 Atque
147 2475 212 2536 lu‘uo
231 2475 348 2536 videtur
366 2475 521 2554 sumpsisse
540 2473 774 2553 Christusqnnrl
792 2473 919 2536 habetur.
945 2473 1045 2534 Matth.
1066 2495 1129 2556 esp,
1141 2477 1171 2538 5.

54 2557 155 2619 versi
191 2554 259 2619 Etsi
282 2561 379 2616 autem
397 2562 485 2634 punis
509 2570 614 2614 nomen
638 2555 805 2634 generaliter
825 2554 901 2634 apud
920 2551 1067 2618 Hebraeos
1086 2554 1173 2616 sumi·

53 2640 91 2694 tur
105 2655 153 2716 pro
162 2634 255 2712 ¹omni
272 2653 413 2716 prospero
426 2653 523 2696 rarum
542 2646 686 2708 successu,
705 2635 808 2694 melius
822 2641 918 2694 tamen
933 2633 1000 2694 lruie
1018 2635 1085 2696 loeo
1103 2655 1173 2696 non·

54 2715 133 2775 reniet
149 2713 220 2776 alter
241 2733 359 2788 amaus,
423 2713 461 2773 nd
480 2714 549 2774 dum
567 2715 649 2796 impii
667 2713 766 2776 turbas
785 2712 839 2774 sibi
858 2714 1023 2787 movebunt,
1043 2721 1073 2776 et
1091 2713 1173 2774 Deus

55 2795 161 2875 nullique
182 2797 264 2876 ipsos
289 2795 391 2854 terrori
411 2813 445 2854 us
467 2793 637 2874 implicabit,
662 2791 761 2854 lideles
786 2793 817 2852 ee
840 2793 930 2854 multa
955 2813 1026 2874 paee
1049 2795 1173 2856 obleeta-

55 2871 125 2955 luntr
150 2895 208 2936 non
233 2873 315 2954 quod
339 2879 471 2954 expertes
494 2875 553 2934 sint
575 2873 668 2934 nuruis
693 2872 855 2946 molestiae,
884 2872 936 2934 sed
960 2874 1027 2952 quia
1056 2875 1175 2936 interior

56 2957 126 3014 ruini
151 2953 344 3034 tranquillitas
368 2951 432 3014 illos
455 2952 570 3028 luloiet,
599 2960 633 3014 ut
660 2959 893 3014 momentaneum
922 2971 985 3012 esso
1009 2960 1173 3034 reputantes

54 3033 174 3176 fflffl
189 3031 438 3116 perturbationum
458 3033 616 3110 sustinent,
641 3052 699 3132 spe
716 3033 874 3130 serenitatis
893 3033 1050 3113 promissae
1067 3035 1175 3094 interea

710 1517 788 1578 nunt.
807 1517 908 1598 ltaque
926 1520 1107 1600 a2praeeipiti
1127 1521 1170 1580 in·

109 3313 179 3382 212.
201 3309 329 3406 Cogitat
354 3267 471 3404 implius
493 3321 601 3380 contra
622 3309 759 3398 iustum,
786 3321 819 3379 et
844 3310 949 3380 fremit
970 3320 1079 3381 contra
1101 3318 1176 3380 euni

57 3415 182 3488 lentibus
209 3419 288 3488 suis.
334 3419 387 3486 13.
409 3417 571 3508 Dominus
598 3415 736 3488 irridebit
761 3443 853 3502 eum,
880 3417 954 3510 quia
980 3419 1067 3487 videt
1087 3417 1176 3510 quod

36 3524 145 3590 'renim
165 3525 233 3594 dies
256 3524 334 3594 eins.
373 3519 426 3593 14.
449 3525 603 3592 Gladium
618 3526 757 3594 educunt
777 3525 875 3616 impii,
897 3535 930 3592 et
951 3547 1059 3610 arcuna
1081 3545 1177 3592 snum

58 3627 239 3732 tenduntnt
268 3641 468 3722 prosternant
494 3655 667 3724 pauperem
690 3641 722 3709 et
743 3653 895 3724 egenum,
917 3641 953 3698 ut
973 3641 1177 3700 mactent're·

58 3743 113 3801 ctos
131 3738 190 3806 via.
237 3737 290 3804 15.
302 3735 431 3808 Gladius
453 3761 568 3808 eorum
587 3738 715 3810 intrabit
729 3736 764 3806 in
786 3761 841 3806 cor
857 3738 1011 3828 ipsorum,
1032 3749 1065 3808 et
1085 3759 1178 3810 arcus
1265 3792 1271 3804 ,

57 3836 182 3928 ipsorum
203 3843 373 3935 frangetur.
934 3931 937 3938 1

122 3990 170 4048 12.-
194 3991 317 4071 Cogitat
336 3997 445 4070 impiere
463 3997 570 4052 amdan
588 3951 709 4054 ammi.
749 3955 901 4052 Pmereuit
925 3990 1004 4071 quod
1023 3988 1107 4050 rann
1126 4006 1179 4068 pu·

58 4066 118 4124 tent
134 4069 236 4128 eontra
251 4070 413 4148 proximam
431 4070 609 4130 ualentiam.
651 4067 708 4128 Ubi
732 4070 808 4130 enirn
834 4090 931 4130 serena
951 4071 1031 4149 quiea
1051 4076 1080 4128 et
1098 4067 1177 4130 laeti·

58 4141 98 4214 lia,
118 4165 203 4224 quum
227 4147 350 4228 improbi
373 4151 530 4222 insaniant,
553 4156 583 4210 et
607 4148 680 4208 nilril
699 4169 759 4210 uon
777 4149 932 4210 moliantur
950 4156 1049 4210 eontra
1068 4147 1125 4208 llei
1144 4147 1177 4206 li·

59 4218 117 4280 lios?
135 4223 233 4286 deinde
252 4228 397 4307 quomodo
417 4231 447 4288 in
466 4228 732 4310 posterumtonsm
752 4249 833 4310 sporn
852 4229 991 4292 fovebunt
1009 4230 1060 4308 qui
1080 4227 1179 4288 vident

59 4303 187 4364 multisne
211 4307 350 4390 mortibus
373 4309 581 4370 ououmdatos?
609 4307 777 4389 Respondet
799 4311 887 4389 igitur
909 4308 1028 4380 David,
1049 4309 1180 4388 quamvis
1354 4335 1355 4342 ¹

63 4395 148 4444 aarum
165 4386 224 4448 vita
243 4393 356 4468 petatur
374 4389 461 4452 variis
478 4389 622 4472 patruis,
643 4388 781 4471 quioqmd
799 4396 897 4454 tamen
915 4388 1111 4454 machinantur
1128 4387 1181 4452 im·
1251 4411 1259 4421 ·
