2818 4886
195 267 248 322 118
612 253 900 298 tensurus

107 455 109 458 ,
198 393 255 452 tine
272 385 410 448 muefletu
427 385 462 444 ln
486 395 525 462 po
546 379 730 446 clamorum
750 377 885 452 numelli,
904 378 1014 472 primae
1032 375 1107 438 illius
1125 360 1336 457 redemptionis

198 468 336 552 quaedam
356 399 570 536 iuenmt‘veflrt
583 457 772 542 appendices,
786 457 857 521 ldec
876 457 941 528 aluis
956 456 1152 538 mooqoelueis
1171 462 1205 517 ut
1224 456 1336 518 cumba

197 547 306 634 populo
316 545 460 604 Divinitas
470 540 603 624 praestita
618 538 814 612 commendet‚‘
827 537 899 598 illud
910 543 968 596 tam
979 535 1163 597 memorabile
1183 536 1334 618 specimen

198 628 278 710 quasi
299 623 485 704 archetypum
505 622 611 700 gratiae
625 617 682 678 Dei
722 619 844 699 reponit.
884 614 921 676 Et
941 623 1017 676 certe
1036 635 1127 696 quum
1146 635 1213 676 eum
1234 621 1335 676 extor-

198 727 259 769 rem
277 724 296 765 u
317 700 404 763 'aliia
423 701 506 761 multi
525 697 647 758 ludibrio
668 640 813 774 beliereut,
833 696 914 777 quasi
933 693 1093 756 abdicatum
1109 693 1193 756 uDei
1213 693 1336 768 semilis,

198 786 280 848 multi
332 787 457 842 emerent
480 793 610 859 regnum*
625 777 764 837 violenter
783 775 869 836 inisse
894 774 929 834 ab
949 793 984 835 eo
1004 781 1128 856 raptum,
1147 775 1258 855 optimu
1278 773 1338 833 init

198 867 270 927 ratio
290 875 342 922 our
360 858 544 922 enuesalutis
560 858 734 939 ⁴praesidium
749 855 806 916 sub
827 855 971 916 communi
986 855 1085 936 populi
1105 853 1272 914 liberatione
1291 855 1338 914 in·
1379 915 1381 922 ,

109 982 117 1013 ,1
199 939 541 1006 cluderetruesidiceret
556 933 752 1015 seimmerito
772 954 803 996 re
823 935 1069 1014 udiuridanquem
1095 935 1219 994 alienum
1244 952 1338 1013 quen

199 1023 332 1086 Deus-re
351 1021 411 1101 ipse
431 997 579 1100 irrobaseet
598 1027 700 1092 eoram
716 1033 748 1076 se
766 943 861 1077 cogite
879 1019 908 1074 et
927 1015 1064 1090 eximium
1078 1011 1223 1074 Ecclesiae
1242 1031 1336 1072 mem-

199 1097 283 1166 brum
306 1101 423 1178 conseri.
456 1095 608 1180 ,Videmus
631 1098 708 1179 enim
733 1101 766 1155 ut
790 1093 847 1154 Pro
904 1095 1102 1174 luesqucties
1127 1113 1208 1174 spem
1234 1091 1338 1152 mlutis
1395 1075 1396 1152 l

200 1184 293 1251 faeere
311 1179 412 1242 volunt
431 1175 637 1260 populoj‘eum
657 1177 693 1236 ud
723 1177 825 1234 timum
848 1175 1090 1246 oedu'srevocent‚
1100 1172 1178 1253 quod
1188 1171 1335 1231 miraculis
1395 1229 1396 1232 ,

200 1261 255 1324 illie
280 1263 310 1320 in
329 1261 477 1338 Aegypto,
496 1258 541 1316 'in
564 1258 685 1318 transitu
741 1253 925 1329 arie·uobri,÷
937 1255 1015 1313 e‘t'in
1035 1259 1133 1313 rnoute
1151 1251 1233 1312 Sinai
1251 1249 1338 1310 editis

201 1342 339 1402 mucitum
364 1340 465 1398 mesae
498 1335 628 1398 'Terram
653 1339 732 1396 irato·
752 1332 816 1394 Deo
840 1335 995 1396 'tremuisse
1019 1332 1088 1392 dicit
1102 1331 1266 1412 impiorum
1290 1349 1337 1390 re-

151 1483 154 1499 ,
201 1427 308 1503 spectu.
329 1418 473 1478 Sic-enim
493 1417 725 1500 saepetoqueur
736 1414 825 1489 Dens,
840 1433 875 1474 se
894 1413 1086 1495 indignatione
1105 1421 1135 1472 et
1154 1411 1217 1471 uelo
1236 1412 1339 1471 uccen-

202 1519 266 1560 sum
279 1519 339 1640 gro
359 1496 509 1557 asserenda
526 1483 653 1576 fidelium
674 1495 765 1555 salute
784 1512 863 1553 arma
882 1493 1009 1554 induere.
1096 1512 1099 1524 ·

301 1623 307 1637 .
328 1573 488 1638 Adscendtt
496 1578 616 1658 fomes
642 1579 710 1714 a&
729 1573 864 1634 Hebraeis
884 1573 932 1632 vel
951 1591 1052 1632 nasum
1071 1570 1336 1650 veluuresproprie

201 1656 354 1740 elgclsrcntr
374 1656 425 1716 sed
444 1657 511 1736 qrrie
530 1654 665 1736 metapluo
681 1656 724 1714 ine
735 1654 885 1714 *interdum
904 1669 958 1732 pro
978 1651 1121 1710 iracundie
1132 1651 1248 1730 cupitur,
1268 1651 1333 1730 qui·

204 1739 270 1798 dam
289 1737 330 1796 ita
349 1741 474 1809 vertunt,
493 1733 805 1808 Adscenditiumusin
825 1733 921 1793 lurore
933 1733 1015 1811 ¹eius:
1035 1730 1211 1790 meoiudicio
1229 1747 1331 1809 purum

201 1813 830 1974 scientiaomnium
849 1809 1094 1952 nitesce
1119 1808 1334 1948 istrael
1395 1909 1396 1920 ψ

201 1976 301 2055 Atque
325 1975 371 2034 hic
395 1975 495 2034 melius
522 1955 816 2054 cognbscilur'tlusa'ni
840 1953 1023 2031 formidabilis
1048 1971 1085 2030 eit
1109 1969 1149 2028 itu
1168 1965 1241 2040 Dei,
1268 1967 1335 2026 dnm
1395 2045 1396 2048 Ἴ

201 2057 273 2115 flatu
292 2074 345 2114 suo
366 2047 480 2114 coelum
499 2053 659 2134 obnubilata
680 2051 806 2130 nubeque
826 2057 864 2110 et·
877 2049 1024 2110 'stellarum
1045 2049 1173 2108 omnium
1192 2047 1336 2127 fulgorem
1395 2067 1396 2070 ¹

200 2133 283 2196 nobie
308 2133 452 2207 aulercos,
477 2131 610 2191 tenebris·
625 2135 678 2191 rios
700 2132 844 2212 opprimit.
878 2127 950 2190 'Nec
975 2147 1044 2189 vero
1078 2129 1160 2188 aliter
1184 2128 1338 2207 maduerat
1395 2187 1396 2190 ,

201 2213 280 2294 quod
305 2214 434 2292 proxime
458 2213 600 2291 sequitur,
623 2214 719 2290 ignem
746 2229 784 2270 cx
809 2230 860 2270 ore
885 2211 947 2284 eius
992 2207 1132 2268 refectum
1158 2225 1336 2280 consumere,

201 2291 339 2373 signifieat
355 2291 433 2351 enim
452 2289 549 2350 Deum
566 2291 675 2370 absque
694 2290 802 2350 maiore
821 2295 968 2364 conatu„e
1010 2288 1073 2347 ulae
1092 2289 1192 2347 ilatum
1212 2287 1337 2346 emiserit
1395 2285 1396 2294 ’

202 2371 363 2444 euentus,
381 2377 410 2430 et
429 2389 462 2429 os
482 2371 636 2451 aperuerit'
652 2371 748 2450 ignem
767 2371 969 2451 excitaturum,
990 2370 1039 2449 qui
1064 2367 1144 2428 inmo
1170 2385 1225 2426 suo
1243 2373 1337 2426 totum
1395 2371 1396 2434 ἶ

201 2451 339 2526 muudum
359 2449 503 2512 obscuret:
523 2449 625 2509 deinde
640 2449 746 2509 ardore
764 2449 890 2528 devoret.
928 2445 1005 2532 llam
1025 2447 1102 2527 quod
1125 2447 1217 2522 addit,
1238 2445 1336 2506 curbo·

200 2550 251 2590 nee
271 2549 333 2590 esse
348 2547 512 2604 succensos,
531 2529 567 2589 ad
588 2530 796 2589 distinctionem
816 2528 952 2588 evanidae
971 2529 1103 2601 bammm
1128 2527 1223 2586 valet·
1255 2525 1337 2586 Incli-

201 2610 452 2684 caduceatorem,
471 2616 584 2691 mmpus
604 2605 769 2669 obnubilum
786 2608 926 2688 designat.
949 2603 1023 2666 Nem
1045 2605 1094 2666 ubi
1114 2607 1194 2666 densi
1215 2625 1252 2665 vn
1294 2625 1337 2665 res

200 2689 325 2750 medium
347 2697 442 2751 aerem
462 2705 532 2748 occu
554 2694 612 2762 ant,
632 2689 765 2748 videntur
777 2688 868 2760 nubes
879 2686 1017 2768 capitibus
1034 2687 1138 2746 uostris
1154 2689 1254 2746 incum
1328 2707 1338 2744 a
1395 2717 1396 2748 1

200 2785 296 2848 neque
317 2769 347 2828 id
372 2769 475 2842 solum,
494 2711 552 2830 secl¹
566 2767 621 2828 Dei
644 2769 775 2829 maiestas
795 2769 930 2848 propiore
949 2785 1065 2826 ueooesu
1085 2765 1167 2826 nobis
1186 2763 1338 2826 horrorem
1395 2803 1396 2850 r

200 2850 311 2924 incutit,
331 2855 361 2910 et
381 2851 523 2909 anxietate
543 2849 725 2928 constringit,
746 2850 802 2929 qui
822 2867 921 2920 sereno
942 2845 1024 2906 coelo
1043 2846 1099 2906 late
1119 2847 1203 2906 effusi
1224 2863 1338 2906 eramus

198 2931 229 2988 iu
248 2929 392 2996 laetitiam.
424 2928 560 2989 Ceterum
580 2929 791 3001 meminerimus
811 2928 863 2988 sub
889 2926 960 2988 coeli
980 2927 1098 3006 ealigine
1116 2927 1188 2986 irum
1208 2923 1269 2986 Dei
1287 2945 1338 2984 uo·
1395 2965 1396 2996 r

200 3005 243 3068 bis
263 3009 391 3090 depingit
411 3010 478 3088 qnia
498 3010 580 3068 sicuti
600 3009 757 3088 pu'raluce
776 3007 897 3067 iucunde
915 3005 974 3066 Dei
991 3006 1077 3066 iacies
1102 3023 1156 3066 noe
1181 3005 1338 3065 exhilarat:
1395 3049 1396 3088 ἶ

199 3092 239 3148 ite
259 3089 341 3148 coelo
360 3087 485 3162 turbido,
504 3089 585 3167 quasi
604 3088 761 3146 minacibus
781 3087 937 3167 superciliis
957 3087 987 3145 in
1006 3091 1189 3161 coerceret,
1210 3085 1337 3146 frenum
1395 3091 1396 3106 ¹

199 3167 366 3228 contrahere
385 3187 454 3248 prae
473 3168 585 3226 tristitia
606 3169 742 3247 cogimur.
781 3166 890 3225 Interea
906 3185 1057 3226 monemur
1076 3165 1184 3225 nullent
1205 3167 1235 3224 in
1256 3165 1337 3225 coelo
1395 3183 1396 3200 ¹

198 3247 246 3308 vel
265 3253 341 3308 terre
359 3247 545 3306 mutationem
565 3245 635 3318 lieri,
655 3263 729 3326 quoe
748 3243 805 3305 Dei
824 3247 998 3327 praesentiae
1017 3265 1076 3305 uon
1095 3247 1132 3305 sit
1151 3245 1240 3304 testis.
1395 3267 1396 3314 i

279 3330 327 3388 11.
351 3324 392 3387 'et
416 3333 558 3408 quitavit
581 3347 670 3406 super
695 3327 814 3388 cem
872 3318 1123 3402 Quemadmodum
1153 3325 1184 3386 iu
1214 3323 1338 3384 nubibus
1395 3329 1396 3390 ζ

186 3410 233 3465 ,αι’
247 3407 319 3466 atris
339 3406 530 3466 contractione
549 3405 660 3500 si5num
681 3406 742 3465 irn'e
759 3403 816 3464 Dei
834 3404 917 3476 nobis
937 3405 1079 3485 depinxit,
1104 3405 1162 3464 acsi
1187 3405 1302 3466 lumem
1322 3423 1338 3461 e
1395 3393 1396 3470 J

199 3483 314 3546 naribus
340 3485 461 3558 efflaret,
492 3501 525 3543 ac
549 3483 761 3546 minitabundus
785 3482 967 3544 descenderet
995 3484 1031 3544 ad
1060 3483 1189 3544 homines
1220 3481 1337 3544 terribili

198 3565 310 3623 virtutis
336 3582 404 3624 suae
428 3564 505 3624 mole
533 3564 688 3644 urgendos:
712 3566 781 3624 item
806 3565 835 3622 in
861 3564 1020 3643 fulguribus
1044 3571 1076 3623 et
1094 3563 1223 3642 fulgetris
1242 3563 1338 3646 ignem
1395 3551 1396 3632 Τ

199 3645 394 3708 flammantem
415 3643 450 3703 eb
471 3661 521 3703 ore
541 3645 601 3703 eius
620 3645 698 3703 exire
719 3641 803 3702 dixis:
823 3645 862 3702 ita
883 3663 959 3702 nuno
978 3661 1064 3724 super
1082 3651 1184 3704 ventos
1204 3650 1234 3703 et
1248 3642 1338 3703 turbi-

198 3724 592 3884 debilitet-llil
613 3722 1221 3883 sl„÷t¹⁰iattm3i0¹³ililltl¹
1238 3723 1341 3866 l⁰i¹3⁸

197 3881 296 3956 betur,
321 3882 371 3942 ubi
396 3883 498 3942 dicitur
517 3881 598 3942 Deus
623 3881 689 3942 vehi
710 3870 798 3963 super
815 3882 874 3942 alas
894 3888 1057 3955 ventorum,
1077 3883 1190 3950 stilles
1210 3843 1342 3961 ianam
1395 3887 1396 3960 ί

197 3979 313 4020 versum
333 3968 364 4020 ut
381 3963 484 4022 celeres
504 3961 618 4021 nuntios
637 3963 775 4022 emittere.
821 3960 956 4022 Ceterum
975 3979 1034 4022 noo
1055 3962 1220 4042 simpliciter
1238 3959 1340 4019 Deum
1395 3967 1396 4044 l

199 4041 265 4104 lecit
284 4047 434 4116 ventorum
453 4041 672 4116 moderatorem,
692 4048 720 4100 et
740 4042 789 4120 qui
810 4059 861 4100 sua
884 4041 986 4100 virtute
1004 4059 1054 4100 eos
1074 4041 1211 4122 impellat,
1231 4040 1282 4100 sed
1305 4041 1341 4098 si·

198 4119 259 4189 mul
279 4119 347 4179 dicit
366 4122 493 4200 equitare
513 4139 600 4200 super
620 4114 802 4180 Chemb2=ut
811 4123 933 4180 sciamus
952 4122 1029 4201 ipsos
1045 4127 1195 4179 ventorum
1215 4121 1342 4200 impetus

197 4201 257 4258 eius
276 4199 413 4259 mandato
434 4219 486 4278 per
505 4199 630 4276 Angelos
652 4199 809 4280 gubernari.
851 4197 964 4258 Scimus
983 4201 1059 4259 enim
1079 4199 1132 4258 sub
1152 4197 1245 4278 figura
1265 4198 1342 4258 Cbe·
1395 4229 1396 4258 l

199 4277 298 4338 rubim
317 4285 543 4360 repraesentatos
562 4278 650 4338 fuisse
669 4278 804 4358 Angelos.
825 4278 924 4359 ltaque
943 4297 1002 4338 non
1022 4275 1122 4338 dubito
1141 4275 1343 4374 quiulhvidis

198 4357 352 4428 concilium
371 4357 457 4427 luent
476 4357 628 4426 uterum
646 4357 767 4420 foederis
787 4357 920 4462 alludere.
940 4357 990 4418 Sic
1009 4361 1086 4420 enim
1104 4357 1162 4418 Der
1181 4359 1342 4440 potentium
