2854 4886
457 901 700 982 aurnuns
726 873 1017 1004 surmus

287 1165 292 1174 ¹
313 1081 388 1144 ens
407 1079 459 1145 ur
474 1078 666 1188 menum
677 1077 923 1183 numounus
942 1079 1133 1180 aarum

156 1489 222 1622 Si
248 1559 374 1618 tantrnn
401 1543 541 1618 utilitatis
568 1547 674 1620 afferat
700 1540 861 1623 Ecclesiae
888 1551 950 1638 Del
978 1549 1287 1622 Commentariorum

132 1681 300 1750 ¹meorum
326 1655 437 1742 lectio,
469 1669 624 1752 quantum
652 1664 723 1751 egb¹
741 1681 782 1728 ex
809 1653 980 1752 scriptione
1005 1655 1126 1728 fruetus
1153 1657 1289 1749 percepi,

156 1795 221 1840 non
246 1771 307 1840 erit
333 1795 392 1840 cur
415 1795 469 1840 me
497 1775 635 1864 suseepti
663 1771 779 1842 laboris
806 1771 985 1866 poeniteat
1004 1773 1145 1843 ‘tament
1171 1771 1288 1840 librum

156 1883 352 1954 Psalmsrum
371 1885 407 1953 in
424 1879 599 1956 ¹hao'tenui
621 1899 730 1956 nostra
757 1884 865 1957 schola
891 1884 1103 1981 exposueram
1131 1897 1203 1957 ante
1222 1885 1288 1957 tres

158 2025 270 2084 annus,
300 1999 361 2070 hac
384 2025 481 2098 opera
502 1999 701 2095 perfunctus,
723 2013 893 2072 statueram
915 2027 982 2072 nou
1004 2001 1286 2097 publicandum,

154 2141 235 2209 qnae
255 2117 338 2210 apud
361 2115 554 2186 domesticos
571 2117 765 2214 ⁴familiariter
786 2117 1004 2212 deposueram.
1035 2115 1081 2186 Et
1101 2111 1287 2209 priusquam
1389 2191 1395 2204 ,

154 2233 381 2301 enarrationem
397 2228 721 2324 aggrederer'lratnrm
737 2257 883 2303 meorum
898 2243 1020 2327 rogatu,
1042 2229 1183 2302 dixeram
1195 2229 1282 2324 quod

101 2424 107 2441 Ι
155 2369 263 2416 rernm
286 2358 369 2432 erat,
397 2371 450 2416 me
471 2347 543 2416 iden
565 2329 781 2440 supersedere,
809 2349 895 2442 quod
917 2347 1118 2418 fidelissimus
1126 2345 1284 2417 Ecclesiae

154 2463 262 2530 doctor
276 2459 431 2530 Martinus
447 2461 589 2532 Bucsnrs
611 2482 746 2548 summa,
768 2450 864 2556 uuam
886 2463 919 2533 in
940 2457 1004 2533 hoe'
1017 2485 1113 2556 opere
1124 2461 1286 2555 praestitit,

153 2577 344 2674 eruditione,
371 2575 543 2670 diligentia,
561 2578 604 2646 'et
624 2567 697 2665 lide,
719 2577 751 2647 id
773 2579 886 2648 saltem
907 2589 1126 2670 consequutus
1137 2587 1216 2662 erat,
1242 2565 1291 2646 ne*

149 2703 255 2763 tantus
282 2691 368 2760 e'sset
394 2713 508 2783 operae
536 2715 625 2762 meae
650 2717 739 2762 usus.
788 2691 857 2764 Neo
885 2715 964 2763 vero
997 2693 1037 2762 de
1069 2689 1312 2785 Wolpdgangi·

149 2806 285 2875 Museuli
308 2805 548 2890 commentariis,
570 2808 597 2876 si
619 2807 681 2875 iam
699 2819 775 2878 tunc
790 2810 822 2876 in
840 2807 945 2877 luoem
961 2809 1160 2900 prodiissent,
1180 2819 1283 2876 tacere

148 2923 197 2991 us
223 2921 350 3006 inisset,
378 2921 505 3011 quaudo
533 2933 567 2990 et
593 2921 645 2992 hie
667 2921 832 2991 sedulitate
854 2931 889 2990 et
910 2921 1059 2990 industria
1081 2943 1148 2989 non
1170 2943 1284 3013 parum
1410 2948 1412 2957 ·

147 3037 248 3106 badis
269 3035 430 3104 bonorum
450 3033 566 3104 indicio
589 3036 720 3105 meritus
742 3047 800 3106 est.
822 3033 976 3106 Nondum
997 3037 1039 3105 ad
1059 3033 1283 3128 tinem'operis

146 3149 463 3246 perseuerandum
485 3173 559 3220 eece
579 3149 673 3219 novis
692 3151 840 3246 precibus
861 3149 1021 3232 sollicitor,
1047 3175 1090 3252 ne
1110 3139 1282 3220 meditatio

150 3289 208 3335 nes
234 3287 325 3334 meas
350 3263 485 3334 fideliter
511 3275 545 3335 et
571 3265 697 3352 dextre,
728 3289 796 3335 non
822 3267 942 3360 absque
964 3291 1080 3361 magno
1102 3265 1210 3335 labore
1229 3289 1283 3335 ex·

150 3392 266 3472 neptas,
287 3377 389 3472 perire
410 3377 522 3449 sinam
540 3377 614 3474 'Ego
633 3381 668 3448 iu
691 3381 855 3474 proposito
877 3403 1022 3453 maneret
1048 3391 1172 3452 tanturn
1194 3380 1282 3472 quod

150 3495 271 3588 pridem
293 3495 326 3562 in
348 3493 455 3563 annno
476 3495 588 3580 iuerat
608 3493 793 3590 prondttere
815 3505 873 3588 (ne
891 3492 977 3590 genti
998 3502 1124 3566 nostrae
1146 3491 1182 3565 iu'
1200 3489 1281 3563 libro

149 3622 215 3680 tam
236 3609 304 3679 utili
327 3609 451 3680 deesset
472 3607 708 3704 adiumentum)
730 3635 783 3682 ure
805 3611 994 3706 scripturum
1016 3606 1132 3704 aliquid
1154 3607 1295 3682 Galim·

150 3723 186 3794 ld
212 3727 300 3794 dnm'
315 3735 436 3795 tentare
461 3725 584 3818 cogito,
615 3737 746 3819 repente
767 3737 890 3820 praeter
921 3719 1098 3813 consilirnn,
1129 3723 1280 3794 instinctu
1403 3768 1407 3792 .

146 3838 256 3910 neseio
278 3831 354 3932 dun,
375 3840 550 3934 periculum
572 3843 605 3910 in
616 3839 743 3911 Psalmo
765 3865 832 3912 uno
854 3837 915 3912 ieci
924 3838 1055 3911 Latinae
1065 3837 1279 3912 enarrationis.

147 3955 213 4024 lam
246 3957 301 4023 ubi
334 3977 499 4027 successus
531 3967 609 4025 voto
636 3953 837 4052 respondens
861 3979 952 4050 spem
978 3957 1074 4051 lunga
1103 3953 1278 4048 superabat,

149 4071 246 4140 erevit
268 4071 409 4141 animus:
437 4073 544 4165 itaque
570 4071 655 4142 idem
682 4073 715 4142 in
737 4071 847 4167 paucis
869 4071 990 4165 aliquot
1010 4081 1130 4141 tentare
1151 4065 1278 4160 incipio.
1367 4139 1376 4160 ¹

147 4183 218 4255 lioo
234 4183 454 4257 animadverso
472 4187 649 4274 familiares,
670 4189 734 4258 acsi
751 4211 803 4262 me
820 4199 964 4276 tenerent
974 4185 1167 4269 obstrictum,
1189 4183 1279 4250 auda·

150 4299 215 4370 'eins
237 4301 407 4389 stimulare,
429 4327 470 4374 ne
492 4305 524 4374 in
547 4327 641 4376 eursu
663 4301 837 4374 deficerem.
872 4301 943 4372 Una
971 4301 1049 4382 mihi
1076 4297 1135 4370 luit
1156 4297 1278 4368 obtem·
