2804 4890
123 325 127 340 ,
207 289 260 350 235
495 267 497 277 ’
645 241 956 330 ιιιιιιιιιυιΙ

185 413 333 492 ,αὶιὴιιὶ
349 411 455 488 David,
474 409 608 472 omnibus
625 409 774 472 bominum
793 411 900 472 meritis
919 409 949 472 in
968 409 1090 472 nibilum
1113 405 1255 484 missus,
1279 429 1341 492 opr-

202 515 270 558 rum
291 495 426 556 iustitium
446 495 574 552 evertit.¹
601 487 675 552 Nom
700 499 891 552 commentum
913 491 1038 572 pertielis
1062 491 1203 563 iustitiae,
1231 509 1293 570 qno
1315 512 1342 550 ss

206 575 342 656 Po‘pistoe
366 580 396 634 et
423 571 469 631 elii
494 569 644 644 deludunt,
668 571 750 632 futile
770 577 827 645 est,
853 573 920 652 quis
939 589 976 632 ne
996 572 1069 632 inter
1087 590 1140 632 eos
1159 569 1280 650 quidem
1299 573 1343 650 qui

207 655 339 716 eoelestis
359 652 505 727 dootpinoe
529 651 593 710 lues
617 658 728 724 essent,
750 653 903 731 quisquam
929 651 1086 732 reperietur
1108 657 1170 708 tom
1194 668 1343 722 reamur,

206 736 258 816 qni
277 732 330 794 sibi
349 731 504 812 perlectam
524 731 658 790 iustitium
679 737 804 810 orrogets
830 730 908 810 qnod
932 733 1018 792 etiem
1041 735 1187 790 testentur
1205 730 1342 810 expletio

206 833 267 885 nes,
287 813 409 881 lsvncro,
429 818 458 870 et
477 811 531 870 elie
549 809 682 890 placandi
701 807 757 870 llei
775 806 911 884 remedie,
930 829 1005 890 quoe
1024 829 1137 888 semper
1155 809 1186 868 in
1207 827 1265 868 nen
1283 809 1342 868 ine·

198 890 275 954 -runt‘
294 891 404 952 eunetis
425 889 564 970 gentibus.
609 889 668 950 Sed
691 891 798 950 interes
823 909 889 948 sons
913 892 1034 950 virtutes
1054 887 1172 970 perinde
1192 887 1342 948 obtrudere
1386 933 1388 950 .

205 971 272 1034 Deo
291 991 350 1032 non
370 969 507 1041 dubitent,
537 971 595 1028 rosi
616 987 748 1051 nregnsm
767 969 949 1030 beatitudinis
969 975 1079 1049 pestem
1104 967 1233 1048 sibiipsi
1249 970 1342 1047 eequi-

154 1041 156 1054 '
204 1057 310 1114 nerent.
355 1048 449 1110 David
474 1056 570 1108 nutem
596 1049 680 1130 longe
700 1050 787 1110 elium
807 1049 936 1110 ordinem
956 1047 1135 1128 praeseribit,
1154 1054 1190 1108 nt
1208 1049 1240 1108 in
1260 1067 1342 1128 quee-

204 1129 454 1228 rennufelisrnte
482 1148 581 1188 omnes
606 1129 641 1190 eb
666 1128 724 1226 hoo
747 1130 885 1226 prinoipio
909 1124 1071 1210 insipient,'
1092 1147 1153 1188 non
1177 1127 1277 1222 aliter·
1291 1127 1340 1188 eibi

204 1205 1341 1372 thlttttttltltrttln§tritissimis-'t'tit,

176 1376 180 1388 '
203 1370 313 1432 sublato
336 1367 544 1441 misericordia,
569 1369 687 1428 miseros
710 1365 741 1428 in
765 1369 889 1429 solidum
906 1375 937 1430 et
954 1367 1122 1428 maledictos
1141 1385 1205 1428 esse
1225 1373 1341 1426 onustos

198 1449 352 1512 -mo'rtelesr
376 1449 442 1530 quio
469 1467 559 1528 quum
584 1448 751 1508 naturaliter
770 1453 882 1510 tentum
901 1447 936 1508 od
957 1447 1065 1510 melum
1084 1447 1215 1508 serentur
1235 1465 1340 1520 omnes,

204 1530 297 1590 donee
315 1528 434 1608 regeniti
453 1527 566 1609 sperint,
585 1533 676 1588 totsm
695 1547 797 1590 eorum
816 1529 904 1588 ritem
924 1526 991 1588 Deo
1009 1547 1132 1588 enosnm
1149 1533 1182 1588 et
1198 1525 1340 1588 ebomine·

203 1609 290 1670 bilem
314 1627 377 1670 esse
402 1614 511 1668 eertum
535 1613 588 1667 est.
639 1605 750 1668 Deinde
774 1608 861 1670 etiem
891 1615 959 1689 post
982 1607 1224 1688 regenerationem
1248 1626 1338 1685 iprum

203 1689 314 1752 nullum
339 1688 460 1748 bominis
485 1705 558 1766 opus
582 1687 644 1748 sine
667 1689 750 1747 venis
773 1687 887 1768 plaeere
909 1686 975 1748 Deo
1000 1694 1099 1768 quest,
1125 1705 1144 1746 e
1169 1705 1217 1766 spe
1234 1685 1331 1746 solutis

118 1815 122 1828 .
203 1768 317 1830 excludi
344 1785 461 1828 neeesse
490 1773 542 1826 ests
583 1765 670 1827 Certe
687 1767 757 1828 nibil
778 1775 891 1848 prester
909 1769 1024 1828 ensism
1048 1765 1260 1848 trepidationem
1277 1765 1333 1826 illis

192 1848 327 1928 ‚serabis
367 1847 482 1906 Durum
502 1846 559 1906 boo
577 1845 700 1928 Pepistis
717 1847 839 1924 videtur,
859 1855 1020 1908 sonotorum
1040 1865 1138 1928 opere,
1158 1846 1226 1926 quie
1242 1863 1334 1906 meen-

201 1929 238 1992 lis
268 1945 383 2008 esperse
411 1934 492 2002 sunt,
525 1928 657 1988 meroede
685 1927 743 1988 indi
763 1947 810 1988 ns>
829 1947 905 2002 esse,
939 1928 990 1988 sed
1018 1928 1050 1988 in
1078 1944 1114 1986 eo
1133 1941 1268 1992 'murm
1295 1923 1337 1984 iu·

203 2009 312 2070 esitium
342 2006 481 2088 produnt,
516 2007 593 2086 qnod
624 2005 681 2066 Dei
710 1948 861 2068 indicium,
879 2009 926 2068 oni
955 2007 1092 2068 obsoorus
1119 2013 1168 2067 est
1196 2005 1336 2066 stellernm

201 2087 423 2242 tillido?
436 2103 505 2224 „5:2⁰
529 2105 623 2226 tlt?
641 2089 834 2226 ιζ’ἓίἳῖῗῖω
865 2086 939 2228 lt:
963 2086 1336 2248 ffssffl,;²:,”⁰⁸‘„,‘l,t⁰¹2“;

279 2209 288 2241 ἱ
841 2203 843 2210 '
1137 2208 1147 2240 9

201 2249 275 2307 tuito
304 2251 486 2325 peoeotornm
516 2245 695 2319 remissione,
724 2245 799 2308 bono
827 2254 960 2308 oeternne
989 2247 1088 2308 solutis
1116 2265 1181 2306 esse
1210 2247 1335 2304 ienuam:

201 2327 325 2404 ideoque
359 2325 437 2384 solos
466 2343 529 2384 esse
559 2323 656 2388 beetos
685 2327 737 2405 qui
764 2327 795 2386 in
824 2323 881 2386 Dei
909 2328 1130 2390 misericordium
1159 2324 1335 2386 reonmbunt

201 2403 336 2468 Tebenda
355 2406 430 2463 euim
449 2409 495 2463 est
512 2403 561 2464 illa
581 2422 667 2484 quem
686 2407 798 2480 notavi,
822 2406 970 2468 antithesis
994 2409 1069 2468 inter
1086 2405 1200 2481 fideles,
1227 2407 1278 2486 qui
1295 2423 1337 2464 re·

200 2485 365 2548 missionem
385 2490 569 2562 peecatorum
588 2485 727 2566 amplexi,
751 2487 937 2566 requiescunt
956 2489 985 2548 in
1004 2506 1082 2548 mese
1101 2485 1158 2548 Dei
1179 2489 1286 2566 gretie,
1308 2491 1336 2544 et

199 2566 327 2642 reliquos
347 2583 462 2636 omues,
491 2564 541 2643 qui
564 2563 600 2623 ed
622 2565 727 2643 gratioe
746 2567 859 2645 asylum
879 2567 1033 2650 coningere
1051 2567 1208 2648 negligunt.
1248 2563 1335 2624 Porro

194 2645 279 2726 qnod
298 2649 342 2704 tes
360 2642 436 2702 idem
454 2643 576 2706 incolent
596 2643 707 2719 David,
724 2665 783 2706 non
803 2655 848 2708 est
866 2665 1041 2727 snperreous
1060 2647 1201 2728 repetitio.
1232 2643 1289 2704 Per
1306 2664 1335 2704 se
1386 2651 1387 2727 l

199 2723 316 2804 quidem
335 2721 391 2782 boe
410 2727 478 2782 setis
497 2723 606 2784 clerum
626 2731 697 2797 eret,
717 2725 831 2786 beatum
850 2747 913 2788 esse
933 2727 1078 2788 bominem
1097 2727 1144 2786 eui
1163 2727 1336 2786 rembseeet

198 2805 345 2884 iniquitas:
365 2801 415 2862 ssd
435 2821 521 2882 quom
541 2805 579 2864 sit
598 2823 735 2885 pessussu
754 2805 877 2880 diffieile,
897 2813 930 2868 ut
942 2806 1075 2868 sordibus
1087 2805 1202 2886 penitus
1217 2803 1336 2864 infixum

121 2955 126 2966 ¹
199 2890 322 2957 monent,
341 2883 516 2964 experientis
535 2885 665 2945 ostendit.
687 2884 779 2946 Molos·
797 2905 862 2967 poss
882 2890 931 2963 (ut
949 2887 1098 2960 admonui)
1118 2887 1179 2946 suis
1198 2883 1335 2946 illeeebsis

199 2972 292 3045 cepto,
312 2969 452 3043 quantum
472 2965 502 3022 in
521 2981 553 3024 se
572 2972 625 3034 est,
644 2967 833 3028 eonscientiee
851 2974 983 3041 terrores,
1009 2984 1123 3026 omnem
1165 2966 1262 3026 eires
1282 2961 1335 3022 bu·
1385 2955 1386 3033 l

197 3052 308 3108 metum
329 3042 430 3123 proeul
450 3061 466 3102 rr
486 3063 517 3104 se
536 3043 662 3124 depellit
693 3043 868 3128 Quenqnem
887 3052 982 3106 nutem
993 3044 1088 3106 Deum
1107 3045 1131 3106 si
1151 3046 1161 3104 i
1181 3045 1335 3126 propitium

198 3129 346 3205 oppetunt,
366 3122 489 3200 fugitent
507 3130 603 3184 tomen
623 3127 713 3264 serpis
731 3128 792 3188 eius
811 3131 1006 3207 conspectum,
1030 3144 1118 3205 quem
1136 3125 1174 3184 ed
1194 3126 1257 3185 eins
1276 3141 1335 3203 gre-

197 3205 268 3264 tism
286 3222 324 3262 es
344 3203 439 3262 nuimo
458 3203 622 3282 sincereque
642 3225 659 3264 o
679 3225 692 3266 s
713 3208 794 3268 irent
815 3204 899 3284 Quos
918 3225 988 3266 vero
1008 3203 1091 3274 Deus
1109 3223 1180 3265 vere
1198 3223 1238 3264 ex

196 3283 275 3354 iecit,
296 3287 328 3340 ut
347 3287 501 3360 tangentur
520 3284 588 3342 vivo
608 3286 737 3346 miseriae
757 3305 826 3346 sune
845 3305 939 3359 sensu,
964 3285 1077 3350 assidua
1097 3285 1230 3365 inquieto
1290 3303 1337 3342 ex·
1384 3281 1385 3337 l

197 3363 300 3441 agitet,
325 3366 357 3418 nt
383 3359 497 3420 difficile
522 3363 559 3420 sit
583 3382 684 3424 eornm
708 3366 819 3426 enimos
842 3383 952 3446 prosse.
993 3364 1118 3428 (instent
1142 3363 1263 3444 quidem
1282 3363 1337 3424 Dei

197 3439 429 3512 misericordium,
453 3446 483 3500 et
501 3459 564 3500 eom
584 3444 797 3524 apprehendero
815 3450 967 3504 sonentur:
997 3445 1048 3504 sed
1067 3443 1188 3504 subinde
1207 3443 1246 3506 ed
1265 3443 1336 3504 mul·

197 3527 245 3582 tos
263 3519 387 3580 insultus
406 3519 453 3578 vel
472 3530 675 3600 expaveseunt,
695 3525 743 3584 vel
761 3531 871 3584 nutent.
891 3523 944 3584 His
964 3523 1074 3594 dunbus
1094 3523 1130 3584 de
1149 3526 1254 3598 erosis
1274 3524 1336 3604 plu·
1383 3585 1384 3592 ,

197 3599 276 3661 ribus
287 3597 381 3658 serbis
400 3600 429 3658 in
448 3601 579 3661 testando
598 3611 778 3683 peecatorum
798 3605 964 3672 remissione
982 3603 1094 3678 insistit,
1113 3623 1220 3683 nempe
1239 3611 1274 3663 ut
1292 3623 1336 3662 so·
1383 3629 1384 3643 ι

197 3682 273 3762 pitos
298 3681 418 3751 excitet,
448 3682 554 3740 securis
579 3681 796 3744 sollicitudinem
820 3685 939 3757 iniioiot,
969 3690 1172 3764 torpentesque
1192 3683 1335 3764 impellet:

114 3799 118 3808 .
186 3759 352 3820 ·deinds·ut
370 3757 493 3839 trepides
512 3765 542 3820 et
561 3764 660 3824 enxies
678 3771 789 3824 mentes
812 3770 891 3824 serto
914 3765 1114 3844 oonstontique
1134 3763 1241 3822 ddnois
1260 3769 1334 3824 tnn-
1382 3839 1383 3842 Ἴ

196 3839 307 3920 quillet.
327 3837 414 3918 Apud
434 3841 544 3920 priores
563 3842 628 3902 telis
647 3851 692 3910 est
711 3844 794 3904 buius
815 3843 959 3912 doctrines
973 3861 1051 3905 usns.
1073 3839 1151 3921 Quid
1171 3843 1264 3904 lenitis
1284 3843 1334 3902 mi·
1382 3891 1383 3900 ,

192 3921 272 3980 seri?
297 3918 322 3978 si
342 3936 394 3976 vos
414 3937 469 3980 une
490 3925 519 3979 et
539 3921 635 3990 ultore¹
648 3925 765 4004 punctio
785 3925 849 3992 nou'
864 3923 1011 3998 sollicitet,
1035 3922 1060 3982 si
1083 3922 1120 3984 ed
1139 3921 1334 3984 inorrtieudum
1382 3911 1383 3949 l

192 4005 337 4062 terrorem
361 4017 420 4068 non
444 3999 549 4060 suffieit
573 4002 779 4084 qualiscunque
796 4009 986 4084 peecatorum
1011 4003 1131 4082 agnitio:
1161 4022 1253 4083 quern
1267 4021 1335 4096 per·

194 4095 312 4140 versum
332 4083 428 4139 temen
446 4086 499 4152 est,
518 4083 655 4142 immenso
675 4084 807 4164 eongerie
821 4083 950 4158 obrutos,
968 4101 1068 4144 secuse
1081 4081 1177 4144 edbuo
1192 4081 1335 4144 donnrret
1381 4125 1382 4128 ,

107 4167 109 4173 ’
193 4157 283 4238 ,Apud
310 4155 417 4220 debiles
435 4164 534 4234 ,eutem
554 4167 585 4221 et
604 4163 731 4244 trepidos
748 4183 808 4224 non
828 4181 931 4244 porum
949 4163 1044 4224 eo'lelii
1061 4169 1092 4222 et
1108 4162 1335 4224 confirmetionis

191 4240 325 4332 eontinet
346 4235 418 4298 baso
440 4239 585 4317 repetitio,
614 4263 682 4304 nem
706 4261 797 4324 quum
820 4243 940 4306 subinde
962 4248 1114 4304 recurrent
1133 4242 1335 4316 dubitetiones,

190 4335 253 4379 non
273 4322 340 4376 setus
357 4322 436 4388 ¹esset
454 4335 510 4376 une
530 4317 560 4378 in
579 4319 657 4383 lustu
677 4324 838 4404 superiores
857 4331 943 4384 stores
979 4319 1058 4401 Ergo
1083 4340 1120 4384 ne
1143 4325 1221 4384 ieter
1238 4323 1332 4382 serios

118 4447 124 4456 .
190 4400 290 4488 motus
309 4391 412 4474 quibus
431 4393 597 4480 turbentur,
614 4401 785 4486 desponsio
808 4421 861 4475 eos
879 4399 1043 4480 absorbent,
1069 4399 1198 4484 Sp‘ritus
1216 4409 1332 4466 nudus
