2854 4886
181 235 228 292 50¹
324 271 327 284 ,
553 207 558 238 “’
600 235 890 288 acanvanua

51 425 53 434 ,
183 357 235 421 aed
259 359 327 440 qula
346 359 517 446 prornleerat
534 359 613 420 illam
634 359 697 424 lore
714 377 797 420 snam
816 361 944 442 requiem
962 359 993 422 in
1012 357 1141 422 emtam
1158 356 1263 436 neat,
1289 363 1329 422 nt

183 438 251 500 alibi
270 439 437 500 videbimus.
457 437 557 520 Neque
575 440 652 500 enim
671 435 768 500 David
786 459 840 502 suo
859 440 977 500 arbitrio
997 439 1095 500 sedem
1113 439 1173 500 illio
1188 437 1255 500 Deo
1278 457 1327 502 ns-

184 521 355 600 stgnaverat,
374 518 425 578 sed
444 519 560 580 oraeulo
578 518 698 580 eloam
717 525 787 594 erat,
807 518 874 580 Deo
893 520 948 601 ipsi
967 517 1089 600 plaeere,
1109 520 1183 580 sieut
1201 538 1219 580 a
1239 517 1328 580 lione

183 599 297 679 saepius
307 597 482 678 praediolum
492 603 561 659 erat.
581 595 650 678 Quo
665 599 751 660 edam
766 599 952 660 confirmatur
1078 599 1137 659 rius
1152 598 1222 673 dixi,
1240 597 1327 660 Psal-

183 697 264 741 mum
289 678 367 738 lrnne
391 695 450 738 non
474 677 562 738 luisse
585 679 777 758 compositum
802 677 838 740 de
857 678 944 740 erede
962 598 1096 738 ffieb·
1121 679 1187 758 quia
1206 677 1344 740 nonnisi

184 757 238 818 sub
258 755 345 818 finem
359 759 439 837 regni
452 755 571 818 Davidis
580 776 617 818 ex
628 756 685 818 Dei
702 756 846 832 mandato,
865 758 942 820 Arsa
960 755 1085 818 loedoria
1094 755 1211 820 Sionem
1226 763 1323 826 transf

172 836 242 909 ,lata
260 837 324 898 tuis
354 834 468 900 Durum
484 837 563 916 enim
583 843 615 898 ut
633 844 766 898 maetam
783 844 832 906 est
849 837 928 918 quod
945 835 1080 898 nonnulli
1093 837 1263 913 roaticium,
1285 836 1327 905 de

183 935 216 978 re
234 913 333 976 lutura
350 917 452 999 spiritu
471 915 640 998 propbetiuo
659 913 803 980 Davidem
822 915 975 998 loquutuna
994 935 1066 978 esse.
1086 915 1223 976 Getam
1241 916 1324 978 vide·

184 1013 250 1061 mus
269 1002 383 1056 unetos
401 993 510 1071 Patres,
529 995 598 1056 dnm
616 995 735 1058 Sionem
753 1002 954 1060 connumerem
972 994 1009 1056 ad
1030 995 1173 1058 offerenda
1192 993 1258 1056 Deo
1277 1014 1325 1056 aa·

185 1073 306 1150 eddela,
326 1069 395 1137 nrbil
414 1093 562 1158 aggressos
579 1095 642 1141 asse
653 1077 879 1158 propriomotu:
897 1075 948 1136 sed
966 1077 997 1138 in
1011 1074 1069 1137 lide
1084 1073 1171 1136 Verbi
1186 1073 1325 1136 marm·
1417 1131 1418 1146 1

185 1171 267 1216 snam
292 1154 481 1216 obedientiam
499 1153 565 1216 Deo
590 1154 734 1238 probasse
762 1153 846 1217 Unde
865 1157 1009 1238 seqnitur,
1034 1173 1184 1236 perperam
1205 1154 1324 1216 obtendi
1417 1169 1418 1224 l

185 1253 286 1296 eorum
305 1234 469 1374 exemplum
487 1235 525 1295 ad
542 1236 721 1298 exemndos
740 1237 835 1298 cultus
854 1255 928 1317 quos
947 1234 1001 1296 sibi
1020 1254 1054 1296 su
1121 1235 1209 1298 titiosi
1229 1233 1324 1294 bomi-

48 1339 50 1346 ⁴
185 1331 237 1376 nea
261 1320 363 1394 sponte
399 1313 533 1394 abripant.
566 1314 650 1377 Adde
673 1317 753 1399 qnod
777 1323 848 1377 tuno
871 1335 931 1376 non
954 1315 1023 1375 satis
1060 1315 1102 1374 uit
1120 1332 1138 1374 a
1156 1313 1246 1374 verbo
1264 1311 1326 1375 Dei

185 1391 309 1474 pendere
328 1393 435 1468 fideles,
453 1395 507 1454 nisi
526 1395 651 1456 externis
670 1395 808 1476 symbolis
827 1395 926 1470 adiuti,
946 1406 1060 1454 suranna
1079 1399 1190 1454 mentes
1208 1393 1324 1456 attolle·

184 1478 264 1546 rent,
287 1474 439 1570 ipsumque
462 1473 644 1554 spiritualiter
668 1475 804 1536 colerent.
834 1473 911 1536 Vera
930 1473 1045 1556 quidem
1061 1471 1237 1555 praesentiae
1251 1491 1324 1534 suae

83 1565 85 1574 ·
185 1553 266 1635 signa
284 1553 413 1614 exbiberi
426 1551 506 1613 Deus
526 1554 556 1614 in
574 1553 625 1614 illo
641 1553 743 1618 visibili
757 1554 937 1629 Sanetnario,
956 1553 1007 1614 sed
1020 1572 1081 1614 non
1095 1559 1129 1612 nt
1142 1553 1241 1634 populi
1255 1571 1323 1613 aen·

185 1651 235 1692 sus
254 1634 371 1694 terrenis
390 1631 536 1694 elementia
550 1632 690 1715 alligaret:
710 1635 780 1730 quin
794 1635 890 1716 potius
904 1639 1023 1694 externa
1038 1631 1239 1711 illatsymbola,
1257 1651 1323 1694 soa·

186 1711 280 1772 larum
303 1711 369 1772 loeo
388 1731 450 1773 esse
469 1713 576 1787 voluit,
600 1711 703 1792 quibua
722 1735 751 1775 an
771 1715 885 1774 eoelum
903 1731 996 1794 usque
1015 1717 1195 1793 assurgerent
1211 1709 1320 1772 fideles.

186 1787 261 1852 Nam
280 1790 316 1850 ab
335 1792 416 1853 initio
434 1790 514 1854 Deus
533 1798 569 1852 et
581 1790 765 1856 Sacramenta
784 1799 814 1855 et
832 1799 952 1854 externa
971 1793 1067 1853 omnia
1085 1792 1200 1872 pietatis
1212 1791 1321 1852 emul-

185 1870 227 1930 tia
252 1869 288 1930 ad
307 1869 385 1932 buno
403 1870 491 1932 finem
509 1871 620 1945 retulit,
642 1877 676 1933 nt
694 1873 795 1954 populi
818 1874 864 1934 sui
885 1871 1002 1932 rudiuti
1024 1871 1195 1933 consuleret.
1223 1869 1325 1950 ltaque

86 1973 89 1981 ’
188 1947 238 2014 bie
257 1949 400 2030 legitimae
421 1951 505 2012 bodie
524 1957 569 2012 ost
586 1951 702 2013 illorum
721 1971 805 2027 nsua,
824 1953 849 2013 si
866 1971 921 2012 nos
935 1951 972 2012 ad
985 1949 1082 2012 Deum
1096 1949 1325 2034 spiritualiterin
1417 1965 1418 1984 ¹

186 2027 306 2090 eoelesti
329 2031 419 2116 gloria
443 2049 496 2096 sua
520 2030 716 2126 quaerendum
741 2032 891 2094 adiuvant:
921 2051 979 2094 non
1004 2036 1101 2094 anim
1127 2031 1324 2110 occupantia

187 2105 305 2182 mundo,
324 2109 372 2170 rel
391 2111 513 2172 retinent
531 2129 562 2170 an
581 2109 672 2170 oar'nis
691 2110 843 2193 figmentis,
862 2130 921 2192 qna
939 2110 975 2171 de
994 2130 1027 2172 ne
1046 2107 1167 2192 posthae
1185 2115 1322 2191 oppurtu-

185 2188 252 2252 nior
270 2189 324 2254 erit
341 2187 481 2249 usstandi
500 2189 589 2250 loeus.
619 2189 711 2250 Sicuti
730 2197 827 2252 autem
847 2191 915 2251 olim
934 2188 1087 2264 Dominus,
1111 2207 1201 2270 quum
1227 2208 1259 2249 se
1277 2191 1321 2249 in·

187 2266 283 2332 oolam
302 2265 398 2327 Sionis
417 2274 555 2366 voearetq
572 2269 693 2330 solidam
711 2269 847 2345 fiduciae,
872 2269 989 2350 quietis,
1013 2276 1061 2331 et‘
1082 2269 1157 2328 audii
1175 2268 1324 2364 materiam

187 2346 300 2486 iiiiii
317 2347 1107 2514 ‘itit'tltlztttigttlttlttttt'tn
1131 2345 1325 2508 titini

187 2505 348 2646 ppppsidepre
368 2507 403 2644 pp
425 2505 519 2646 meplo
544 2506 686 2584 fidelium,
712 2510 762 2594 qui
785 2529 853 2576 euna
878 2527 950 2600 puae
969 2514 999 2570 et
1018 2509 1071 2570 n‘to
1091 2527 1129 2568 ex
1147 2507 1324 2591 praeauripto

260 2605 269 2643 1
314 2605 349 2644 us
405 2605 494 2648 oran.
1181 2641 1183 2646 .

267 2667 315 2728 13.
337 2671 417 2739 Quia
435 2674 594 2750 requirerer.
613 2665 727 2728 Nomen
746 2665 925 2752 Sanguinem
944 2667 1049 2750 plurali
1067 2685 1188 2730 numero
1207 2664 1255 2728 bio
1271 2685 1322 2748 po·

187 2743 274 2803 silum
298 2750 356 2804 eat:
380 2743 445 2804 ideo
470 2746 619 2806 relativum
639 2747 718 2827 qnod
737 2747 899 2820 subiicitur,
923 2748 1073 2809 commode
1097 2745 1199 2808 eodem
1221 2745 1324 2807 ratae-

186 2841 261 2898 mus,
281 2824 349 2903 quia
368 2830 463 2884 tamen
477 2823 614 2886 Hebraeis
632 2828 701 2888 sads
720 2829 821 2888 tritum
845 2835 903 2904 est,
927 2828 1056 2889 ominem
1081 2826 1275 2900 antuoedontis¹
1294 2831 1326 2888 at

188 2901 299 2969 relativi
318 2904 472 2980 invertere,
492 2906 608 2985 quidam
629 2906 664 2968 de
678 2907 851 2994 pauperibus
866 2916 1015 2989 exponam
1029 2907 1086 2969 boe
1097 2907 1198 2982 modo,
1217 2903 1242 2965 R

187 3001 253 3042 rens
273 2984 448 3064 sanguinem,
467 2984 634 3045 reeordatus
653 2993 700 3048 est
711 2987 855 3068 ipsorum:
876 3007 978 3069 nempe
994 3005 1152 3069 pauperum
1166 2985 1203 3046 de
1217 2987 1267 3066 qni
1288 3005 1324 3046 us

187 3061 275 3150 paulo
295 3069 361 3146 post
381 3063 517 3142 loquitur.
544 3063 717 3146 Quanquam
738 3073 835 3127 autem
854 3067 890 3128 ad
910 3087 1051 3128 summam
1070 3069 1112 3128 rei
1130 3085 1231 3148 parum
1249 3066 1323 3126 inte·

187 3148 248 3202 rest
271 3143 380 3202 utrovis
406 3143 492 3202 modo
516 3151 624 3203 vertas:
650 3147 729 3225 prior
747 3153 842 3206 tomen
862 3165 962 3206 sensns
982 3147 1082 3206 melius
1102 3147 1174 3206 lluit.
1200 3143 1254 3204 Est
1271 3163 1324 3204 au-

187 3227 246 3286 tem
266 3222 396 3300 repetitio
415 3224 475 3281 eius
494 3223 572 3302 rpuod
591 3243 685 3302 nuper
704 3225 829 3300 dixerat,
854 3224 910 3286 Dei
929 3228 1064 3286 muntem
1084 3227 1114 3286 in
1133 3224 1324 3291 misedoordia

188 3319 254 3358 eum
275 3301 364 3358 servia
385 3301 442 3359 suis
461 3301 565 3361 iniuste
584 3301 695 3363 altlictis
714 3307 867 3386 praeripue
886 3305 1121 3366 considerandam
1139 3323 1209 3365 esee
1230 3303 1325 3364 Unam

188 3380 264 3439 enim
284 3399 404 3460 operum
418 3377 474 3438 Det
493 3381 617 3460 speeiem
636 3401 674 3448 ex
693 3383 790 3444 multis
807 3393 946 3466 tanquam
965 3387 1093 3466 apprime
1112 3383 1324 3450 memnonem

189 3459 383 3531 sommendat,
414 3459 492 3540 quod
521 3461 628 3520 seilicet
656 3482 797 3543 pauperes
827 3483 844 3525 a
873 3472 966 3526 morte
990 3465 1101 3526 liberata
1126 3471 1156 3526 et
1185 3463 1322 3546 'siquando

188 3539 268 3618 ipsos
287 3537 374 3617 ullligi
395 3540 472 3608 sinit,
493 3539 594 3599 deinde
613 3547 708 3602 umen
729 3543 821 3604 illatas
836 3545 953 3606 iniurias
967 3545 1128 3605 uluiseatnr.
1149 3542 1322 3624 Quanquam

189 3623 287 3679 autem
306 3617 393 3678 verba
414 3619 518 3700 quibus
538 3621 636 3693 utitur,
657 3623 824 3683 continuum
844 3631 941 3684 artum
961 3625 1120 3706 designante
1140 3623 1210 3703 mibi
1229 3631 1322 3684 larum

169 3695 307 3767 'dubium
333 3717 391 3758 non
411 3705 455 3757 est
474 3699 544 3778 quin
563 3697 659 3762 Deum
679 3703 824 3780 requirere
842 3705 991 3764 innoxium
1010 3706 1194 3785 sanguinem,
1218 3710 1250 3766 el
1268 3703 1322 3764 ela·
1417 3709 1418 3724 ¹

187 3778 276 3842 moris
295 3795 412 3842 suorum
432 3797 587 3838 memorem
608 3799 678 3854 esse,
697 3787 727 3840 et
745 3781 811 3854 illis,
831 3801 905 3863 quae
923 3783 1030 3854 subdit,
1050 3784 1188 3865 exemplis
1208 3783 1322 3865 ιςποωί

188 3857 266 3916 velit.
295 3856 394 3935 Atque
417 3858 522 3916 iterum
546 3859 671 3919 inuoluat
695 3860 773 3944 qnod
794 3863 872 3942 prius
891 3863 988 3944 attigi,
1014 3861 1109 3924 Deum
1133 3883 1192 3923 nou
1212 3881 1324 3944 sempor

188 3941 309 4008 mature,
328 3942 362 3994 ut
381 3935 533 4002 vellemus.
553 3955 702 4004 oeeorrere
721 3941 844 4014 iniuriis,
863 3961 957 4022 neque
976 3943 1052 4004 inter
1070 3945 1132 4025 ipsa
1151 3944 1231 4010 initia
1249 3943 1324 4002 trau·

187 4015 761 4174 tit*ttffttttttttttlttl
778 4021 1017 4180 {ttll'tll'l
1036 4022 1322 4164 appaqqmapp

187 4191 255 4233 nam
275 4174 299 4232 sl
317 4171 374 4232 Dei
393 4174 531 4242 auxilium
550 4177 684 4242 metimur
703 4197 789 4238 sensu
807 4187 923 4254 nostro,
942 4121 1068 4241 subinqep
1080 4203 1101 4242 n
1138 4183 1162 4242 ia
1181 4181 1324 4242 lobasoent

187 4253 284 4322 animi,
303 4271 357 4313 neo
376 4253 489 4314 tandem
504 4261 614 4333 guttam
629 4255 721 4317 bonae
735 4258 797 4338 spei
811 4259 1003 4321 retinebimus.
1029 4261 1176 4323 Vellaanus
1190 4265 1238 4338 (ut
1250 4261 1324 4344 dini)

186 4331 282 4420 ipsum
297 4332 402 4421 procul
421 4338 539 4400 munta
556 4353 645 4402 mauu
663 4343 840 4404 murorum
858 4359 931 4428 quaa
948 4341 1032 4404 nobis
1050 4343 1145 4428 parari
1164 4339 1245 4408 videt
1262 4357 1327 4408 mo.
