2726 4888
28 327 31 352 ‚
97 317 102 326 .
178 273 235 340 534
619 283 908 326 coturnus
963 287 965 292 ·

176 367 261 472 Sebu
283 402 405 490 donnrp
427 399 594 472 adducent.
629 401 735 471 tter
754 413 955 498 prosternent
976 423 1011 474 ee
1032 427 1138 474 corum
1152 431 1272 482 eoonnu

175 511 289 602 Reges,
311 529 425 578 omnea
447 507 566 578 Gentes
588 509 726 580 servient
747 509 787 580 ei.

255 644 284 708 7.
304 645 443 707 mmet.
473 641 598 706 Neoeeae
622 665 681 708 nou
699 653 744 707 eet
762 647 875 728 aaepiua
894 651 1021 730 repetere
1039 647 1118 728 quot
1137 649 1213 710 acne
1226 651 1272 729 dii,
1333 653 1334 704 t

65 731 70 751 ’
153 723 300 808 =peudere
324 723 376 785 laea
401 731 503 786 omuea
527 728 678 788 sententiae
701 729 852 808 exprimo
870 737 964 788 teram
1004 724 1029 786 ll
1102 734 1136 788 ut
1149 729 1274 793 doratio
1333 721 1334 750 ¹

174 811 246 878 atne
265 810 295 864 et
313 825 380 886 pror
419 823 450 866 re
468 804 574 866 habeat
592 806 731 888 populns,
751 813 884 889 precatus
904 813 948 867 eat
962 803 1037 867 Davi
1088 805 1190 890 Regem
1206 815 1273 872 orrui

173 886 279 946 iustitie
299 891 328 946 et
346 887 377 945 iu
398 885 461 945 icio.
500 883 666 948 Solomonia
687 886 800 968 quidem
820 887 947 948 ollieium
966 887 1022 946 luit
1040 887 1131 948 inatoa
1149 890 1225 950 merit
1238 892 1272 952 red
1333 911 1334 964 ξ

172 965 322 1047 proprium
342 964 438 1025 Clerici
462 971 506 1024 eat
530 967 620 1026 inatoa
644 965 751 1026 luceret
776 966 844 1048 quia
867 985 925 1026 nou
950 971 1064 1026 tantum
1082 967 1127 1026 iua
1145 987 1217 1028 raum
1231 974 1274 1030 cai·

172 1043 437 1205 enecent
453 1043 566 1186 tter
790 1045 960 1186 eene
978 1044 1275 1188 retent

172 1205 271 1284 quitur
290 1201 347 1264 Dei
366 1203 534 1278 benedictio,
554 1147 619 1286 estur:I
631 1225 698 1265 auos
718 1145 974 1278 efflorexhilaral,
994 1203 1066 1264 dum
1075 1167 1275 1287 subdepeclri-
1333 1207 1334 1224 ¹

171 1291 218 1344 ato
242 1283 313 1344 nihil
337 1283 390 1346 aibi
409 1284 446 1344 ud
465 1285 586 1346 aolidem
605 1283 768 1346 felicitatem
787 1285 884 1345 deeaae
903 1285 1010 1344 vident.
1050 1283 1086 1344 Si
1106 1295 1277 1368 nomeupaetr

170 1366 202 1424 in
221 1366 337 1446 proprio
357 1383 442 1424 aenan
462 1370 493 1426 et
512 1367 601 1446 megia
620 1367 753 1426 restricto
773 1366 900 1446 accipere
919 1363 1015 1436 libeat,
1034 1381 1097 1425 uun
1117 1365 1276 1446 repugna

172 1451 250 1504 certe
274 1443 311 1504 ad
335 1463 478 1504 aummam
502 1444 601 1506 beatae
624 1446 702 1506 vitae
727 1443 797 1505 nihil
817 1463 888 1525 pace
907 1443 1085 1525 optabiliuar'
1102 1449 1211 1524 qnando
1224 1449 1277 1504 inter

168 1522 286 1586 belliooa
306 1523 454 1620 'tumultur
483 1525 555 1585 nihil
579 1524 640 1586 lere
662 1526 742 1585 iuvat
755 1544 862 1609 ⁸rernm
889 1525 1016 1584 omnium
1041 1523 1219 1591 abnndantia,
1241 1524 1276 1584 aed
1333 1531 1334 1604 l

165 1601 1276 1766 ttlmtttt,ttt'tntt‘tzt‘ttltt'ittttttt'ltttd

191 1769 300 1824 oeterca
324 1782 393 1824 auca
417 1765 469 1845 qui
491 1771 635 1826 terrenum
655 1763 758 1825 solium
778 1769 968 1844 occupamini,
993 1761 1044 1824 eed
1063 1763 1276 1823 conscenderet!

125 1847 145 1866 ·‘
231 1845 335 1920 lotum,
358 1845 408 1924 qni
432 1863 450 1908 a
470 1851 563 1906 morte
586 1863 751 1924 resurgens,
775 1844 927 1906 coelestem
951 1841 1004 1904 asni
1024 1844 1117 1904 vitam
1137 1861 1169 1902 ac
1186 1843 1276 1924 glorian

165 1925 331 2004 uepdeivit,
355 1931 389 1984 ut
407 1921 581 1986 Eooeleaium
600 1943 682 1984 auam
701 1925 761 1984 eine
780 1921 838 1985 line
857 1923 1026 1982 moderetur.

248 2005 276 2066 8.
297 2007 338 2064 et
357 2005 565 2066 dominabitur.
585 2003 662 2084 Quia
671 2003 812 2064 Dominus
831 2011 938 2064 terram
957 2001 1068 2084 populo
1087 2016 1141 2062 eno
1159 2002 1186 2062 in
1203 2001 1274 2062 ture

166 2081 284 2142 dilatem
304 2086 483 2164 promittens,
503 2085 556 2146 hoa
577 2091 701 2166 quotuor
720 2083 821 2144 limites
840 2085 1046 2163 assignaverat,
1066 2081 1169 2142 Genea.
1187 2085 1227 2154 15,
1242 2084 1275 2145 tt

166 2161 422 2260 aignificatDevid,
442 2165 523 2225 calvo
537 2172 572 2262 'et
591 2165 726 2260 incolumi
816 2183 833 2222 o
852 2165 991 2260 integrem
1012 2162 1276 2256 lorepromiraaetm

164 2239 1276 2404 tttttttt‘tttt‘tll'ttltlt„teti-‘2¹¹'ttlllitltttllt

166 2403 279 2462 nuntiat
297 2421 315 2461 u
334 2401 407 2462 Muri
425 2401 523 2476 rubro,
544 2403 591 2463 vel
610 2404 674 2462 siun
693 2403 743 2461 illo
764 2404 849 2462 marie
868 2401 1037 2484 Aegyptiaci
1058 2419 1185 2481 nequae
1217 2417 1274 2460 mare

163 2477 318 2560 Syriacum
343 2481 422 2564 quod
446 2479 621 2543 Palaestinae
647 2488 761 2545 vocant:
791 2483 891 2542 deinde
916 2483 952 2542 ub
977 2479 1127 2562 Euphrate
1150 2479 1272 2562 nequead

162 2560 307 2622 decertum
327 2581 471 2643 magnum.
510 2561 570 2622 lam
589 2563 613 2622 ai
633 2563 696 2643 qnia
716 2563 850 2644 excipiat,
870 2559 935 2624 Nou
957 2579 1116 2642 congruere
1135 2567 1191 2620 tam
1206 2577 1270 2638 aupa-

162 2647 223 2701 atoa
243 2639 314 2702 fines
325 2640 432 2704 Chriati
452 2640 580 2725 imperio,
600 2642 678 2723 quod
697 2659 787 2724 propa
826 2641 965 2702 ridebnit
984 2640 1019 2700 ab
1039 2647 1108 2701 ortu
1127 2639 1192 2701 aolia
1204 2656 1270 2718 uque
1333 2685 1334 2728 t

161 2721 198 2781 ad
223 2739 370 2782 comeum
395 2722 500 2782 solutio
524 2721 615 2783 incilia
634 2727 691 2796 est,
711 2720 786 2782 Davi
807 2741 852 2782 em
877 2720 1063 2782 accomodare
1089 2739 1144 2780 auo
1162 2719 1267 2798 tenpori:

29 2809 31 2816 “
161 2801 229 2882 quie
252 2801 381 2862 nundum
400 2802 558 2883 amplitudo
578 2802 627 2862 illa
646 2800 721 2862 clare
741 2801 882 2883 patefacta
901 2809 972 2862 erat.
1001 2799 1133 2860 Exoraua
1151 2805 1191 2859 eat
1207 2799 1269 2878 igitur

160 2877 197 2942 ab
216 2899 251 2941 eo
270 2880 458 2964 descriptione
477 2899 551 2962 qnae
570 2881 623 2942 aab
638 2879 715 2962 Lege
733 2889 762 2942 et
776 2879 927 2963 Prophetis
948 2887 1016 2940 uota
1035 2887 1066 2940 et
1086 2877 1201 2941 celebria
1216 2883 1267 2938 erat:

158 2961 219 3022 imo
237 2965 267 3022 et
277 2959 407 3022 Christus
426 2963 488 3043 ipse
506 2981 626 3044 regnum
645 2980 731 3022 auum
749 2960 815 3022 iuda
833 2981 884 3022 aua
906 2966 995 3020 icatua
1015 2967 1059 3020 cat
1078 2967 1221 3040 autequam
1233 2974 1267 3036 pa·

158 3046 286 3102 netraret
313 3042 343 3102 iu
373 3041 487 3102 ultimae
516 3048 612 3102 terrae
640 3041 751 3122 plagas:
781 3041 865 3102 aienti
885 2982 1005 3100 1l'aalruo
1030 3044 1105 3114 110,
1131 3044 1159 3128 2.
1183 3037 1268 3110 diu'tor,

158 3119 312 3202 Sceptrum
331 3122 446 3181 virtutis
464 3129 531 3182 tuaa
549 3121 658 3181 emittet
678 3120 819 3182 Dumium
840 3140 857 3180 e
875 3119 957 3182 Sion.
977 3117 1035 3180 Sed
1056 3119 1144 3201 paulo
1162 3125 1269 3200 podro-

157 3199 249 3282 pliare
267 3199 339 3261 lineo
357 3201 466 3282 incipit,
485 3201 689 3262 transmarinos
708 3197 800 3282 Regea
818 3199 881 3261 lore
900 3203 986 3261 etiem
1004 3198 1267 3270 tribulariuaduoeua,
1333 3207 1334 3264 l

157 3281 242 3361 aicuti
266 3280 373 3341 ineolaa
398 3281 501 3342 deserti
524 3283 553 3340 iu
575 3301 624 3340 um
643 3279 795 3340 anbituroe.
836 3277 984 3360 Quantum
1002 3280 1039 3339 ad
1059 3282 1141 3347 0³³3
1159 3297 1210 3340 uun
1226 3276 1263 3336 du·

157 3357 218 3419 bilo
244 3361 313 3440 qniu
333 3359 390 3420 hoo
409 3363 525 3422 nomine
545 3303 672 3441 ‹feeiguet
691 3363 741 3440 qui
760 3379 859 3420 verens
879 3359 1025 3420 lileridiem
1044 3359 1158 3440 longina
1175 3358 1267 3418 utare

156 3457 175 3498 a
198 3445 274 3498 terra
295 3438 442 3500 Chauauu.
482 3439 521 3501 tt
544 3441 576 3500 in
599 3459 702 3523 genere
721 3442 816 3502 atatim
836 3439 914 3500 addit
933 3439 1092 3520 Propheta,
1118 3443 1207 3500 tosto
1221 3439 1267 3496 lia·

155 3525 207 3602 gia
230 3527 342 3579 terrum
361 3523 551 3582 creatuturas
575 3521 604 3580 iu
624 3523 736 3600 rignum
756 3523 936 3597 reverentiae.
958 3519 1072 3580 Scimm
1092 3521 1167 3580 enim
1185 3515 1264 3577 oan-
1333 3537 1334 3544 ¹

155 3599 227 3659 talea
247 3597 301 3658 hac
321 3601 480 3660 ceremonia
501 3599 588 3661 luiaoc
608 3619 686 3674 naua,
705 3600 742 3660 ad
761 3619 848 3682 quem
861 3599 1026 3662 Alexander
1044 3617 1161 3680 qnoque
1169 3593 1264 3658 limado
1333 3637 1334 3648 t

176 3685 222 3738 nat
240 3677 381 3744 domitum
396 3677 543 3740 Orientem
563 3699 630 3742 auca
650 3697 752 3761 cogere
770 3681 871 3754 voluit,
892 3679 967 3740 unde
986 3685 1067 3740 ortae
1087 3686 1153 3740 aunt
1170 3691 1264 3757 magere
1333 3719 1334 3732 1

153 3695 233 3832 fleas,
279 3756 336 3819 uod
355 3757 525 3820 Macedonea
544 3763 748 3820 contumaciter
766 3767 932 3840 respuerent
950 3765 1010 3819 tam
1029 3761 1179 3820 melleet
1194 3753 1263 3817 audi·

153 3836 224 3899 dnm
247 3779 426 3919 dLsequinm.
465 3837 573 3900 Scuaua
598 3859 666 3921 ergo
686 3845 740 3916 est,
761 3837 871 3921 Regem
898 3839 1033 3900 divinitus
1059 3841 1177 3900 Mum
1192 3840 1219 3898 in
1232 3833 1262 3893 le

152 3915 251 4056 hudalp
275 3917 361 4000 louge
383 3918 499 4004 lateque
517 3918 644 3981 hortium
663 3919 726 3981 lore
744 3921 896 3998 victorem,
916 3925 949 4034 pt
967 3919 1133 4002 supplicite·
1149 3937 1209 3980 eum
1226 3933 1261 3973 to
1333 3961 1334 3968 κ

152 4015 239 4059 neren
253 4017 295 4058 ur.

222 4081 281 4140 10.
301 4079 402 4173 Regna
424 4079 558 4142 Pleurato.
598 4075 670 4138 Proa
728 4079 786 4140 itur
810 4077 887 4160 quod
906 4097 958 4139 eoe
978 4079 1000 4138 it
1019 4077 1113 4163 dicere
1131 4077 1165 4139 de

153 4155 267 4235 patiore
290 4175 380 4236 regui.
418 4155 535 4219 Tharria
558 4165 665 4219 vocent
713 4158 807 4220 ebraei
830 4164 920 4226 totam
1072 4179 1144 4241 quaa

152 4235 225 4294 mam
251 4237 351 4318 vergit.
395 4233 472 4316 Ergo
497 4255 549 4318 par
573 4240 693 4316 imum:
717 4245 812 4298 totum
836 4241 922 4299 maria
939 4179 1143 4301 {dediterranei
1163 4241 1258 4298 tradam

152 4311 293 4394 siguificat
316 4333 334 4374 a
354 4311 453 4374 Cilicia
478 4317 509 4375 in
530 4315 678 4380 Graeciam
704 4339 805 4399 usque.
844 4315 923 4396 Quia
945 4319 1020 4380 enim
1040 4317 1133 4382 ludaei
1156 4309 1255 4382 nnat

149 4391 258 4469 patriae
276 4411 344 4455 suae
363 4395 535 4476 cummodla,
553 4415 612 4459 uon
631 4398 732 4482 procul
751 4398 922 4481 mulgebant
940 4403 973 4461 ut
997 4399 1070 4464 allae
1093 4403 1196 4485 geatam
1215 4395 1259 4454 ’Μ
