2726 4888
478 277 823 320 sursumsunt.
1062 289 1074 302 ·
1141 281 1225 358 ’617

80 405 142 460 ests
161 403 199 458 n'a
216 397 292 461 idem
313 398 396 478 qnod
411 399 480 462 olim
500 399 645 482 discipulis
665 401 777 480 obiecit,
794 403 826 464 in
846 422 900 468 nos
919 401 1004 466 bodie
1024 421 1141 486 quoqne
1160 412 1221 468 tor·

80 475 180 558 querit,
200 475 321 540 Nescitis
340 481 421 540 euius
440 477 564 560 Spiritus
585 479 746 553 sitiebas.
762 485 790 557 9,
810 484 859 548 55.
881 483 940 544 lom
960 486 1027 565 quia
1047 493 1221 566 conquestus

78 559 176 618 fuerat
195 557 306 630 David,
326 556 423 620 bootes
443 562 574 640 posuisse
592 560 630 622 iel
648 562 678 620 in
697 561 794 623 cibum
815 583 916 626 suom:
940 572 1170 645 nunupreoatur
1189 573 1222 628 nt

77 654 181 700 mensa
202 639 256 698 illis
275 637 358 698 oodat
376 639 405 698 in
425 638 574 719 laqueum:
598 647 627 702 et
650 659 725 722 qnae
744 642 779 702 ad
796 661 900 722 ,paoem
920 651 1001 716 sunt,
1025 653 1172 709 vertantur
1191 649 1221 710 iu

76 725 156 780 rete:
176 718 221 778 bis
239 717 334 778 verbis
354 717 547 798 metaphorice
566 727 678 815 optans,
698 727 731 794 ut
750 733 937 804 quaecunque
956 725 1061 786 illisio
1081 728 1171 786 ritum
1191 733 1221 791 ot

101 817 250 878 rosparam
269 797 502 860 commoditatem
522 797 766 876 destinauerant,
786 800 866 864 Deus
883 805 1075 868 concertatio
1091 807 1221 868 exitium.
1278 827 1283 846 ³

76 819 168 938 llum
191 878 365 957 colligimus,
393 880 476 946 sicuti
501 876 577 954 Deo·
591 881 729 960 propilio,
760 901 834 962 qnae
857 883 1024 944 naturaliter
1047 891 1077 946 at
1107 904 1160 964 por
1189 903 1222 946 se

76 961 170 1020 noxia
195 961 313 1032 essent,
333 957 496 1018 adiumento
521 965 590 1018 suut
613 963 642 1020 in
663 959 783 1020 bouum:
814 963 854 1024 ito
879 981 918 1024 eo
940 963 1068 1038 iniusto,
1090 964 1221 1028 maledici

75 1037 674 1180 tutllttrtllttttit‘milit
694 1041 753 1180 ‚up
770 1041 1081 1183 ”⁰¹'li¹⁵l³l‘i''⁸i‘'
1121 1043 1221 1184 pp,

75 1203 130 1257 tus
149 1204 262 1258 sanctus
282 1177 463 1275 pronuntiat,
487 1139 786 1282 nprsuirmnlllduell
808 1141 870 1262 daila
889 1141 987 1262 omlnid
1004 1143 1219 1264 lila'dmaddilli:

76 1279 156 1350 cula,
175 1277 231 1338 Tit.
242 1281 270 1348 1,
281 1281 329 1338 15.
340 1284 373 1338 ιιι
386 1277 430 1348 ¹sul
445 1278 506 1357 ipse
521 1280 670 1343 sanitatem
685 1280 713 1338 iu
729 1280 784 1354 plis
795 1281 857 1354 spis
867 1288 998 1362 portans,
1016 1280 1219 1360 Molendum·
1344 1269 1354 1287 ’

73 1359 193 1420 nonnisi
213 1356 378 1438 pestiferum
398 1357 515 1418 odorem
534 1358 589 1418 illis
608 1360 705 1439 spiret.

160 1439 210 1504 24.
241 1438 467 1500 Obierredrerrtur
494 1440 573 1500 oculi
600 1461 702 1500 eorum
730 1461 779 1508 rae,
796 1441 922 1504 uidebat
963 1439 1041 1520 Quia
1071 1439 1142 1502 duas
1170 1440 1219 1504 hie
1335 1414 1340 1436 ι

99 1520 233 1598 raeoipua
251 1515 399 1576 facultates
419 1522 513 1588 uolat,
537 1516 658 1578 libenter
681 1537 780 1581 eornm
801 1523 970 1584 sententiam
989 1520 1149 1602 amplector
1168 1523 1219 1602 qui

74 1539 156 1660 duno
176 1597 278 1661 volunt
297 1615 437 1656 summam
458 1616 531 1666 esse,
550 1594 676 1658 Domine
695 1600 775 1679 priva
795 1619 845 1660 eos
864 1601 989 1676 ratione,
1013 1607 1043 1662 et
1061 1601 1217 1683 intelligen-

74 1680 134 1738 tia:
157 1677 258 1738 deindo
277 1695 383 1736 enarra
402 1695 502 1736 eorum
523 1677 613 1751 vires,
639 1684 672 1738 ιιι
694 1698 812 1759 prorsus
837 1680 951 1740 inutiles
970 1681 1027 1742 sint
1046 1681 1083 1744 ad
1103 1693 1217 1744 omnent

73 1761 231 1820 notionem.
271 1755 386 1816 Scimus
405 1756 480 1816 enim
501 1755 572 1816 nibil
591 1763 669 1818 recte
689 1777 774 1837 posse
792 1759 837 1838 agi

72 1839 160 1913 lium,
180 1836 323 1916 simulque
342 1835 378 1896 ad
393 1835 607 1974 exrepuendnm
628 1837 743 1898 accedat
762 1799 890 1898 locullls.
929 1837 989 1900 lam
1010 1860 1100 1920 quum
1119 1837 1216 1910 Euola-

72 1921 137 1980 siue
156 1916 284 1978 hostibus
295 1917 449 1986 ‚imminent
488 1933 539 1976 aea
557 1915 727 1990 maledictio,
746 1938 806 1978 non
825 1925 869 1978 est
924 1919 961 1979 od
976 1939 1030 1980 nos
1044 1926 1150 1980 terreat
1163 1922 1215 1982 im·

71 2001 191 2082 piorum
211 1997 259 2058 rel
282 1996 403 2070 mulitia,
431 1995 480 2054 vel
503 1993 607 2062 rabies:
638 1997 704 2076 quia
727 1997 758 2058 in
783 2017 871 2058 manu
927 1999 953 2059 ei
977 2005 1021 2059 est
1044 1997 1139 2060 subito
1165 2017 1216 2062 eos

71 2078 394 2217 pereuterefeaecitota
419 2081 453 2136 ιιι
475 2073 546 2136 nibil
565 2075 694 2153 rideant,
718 2084 746 2138 st
771 2077 884 2160 lumbos
903 2077 1096 2160 obstringere,
1120 2085 1153 2140 nt
1172 2081 1214 2157 ιιι-Ι

69 2164 159 2220 ceant
177 2177 232 2218 oon
245 2157 297 2216 usi.
962 2211 966 2219 ,
1181 2201 1185 2209 ,

39 2208 50 2238 x
156 2243 205 2302 25.
232 2238 363 2321 Effimde
381 2259 470 2318 super
487 2261 539 2299 eoa
557 2237 637 2300 irrrir
656 2247 747 2302 taem.
788 2237 1214 2327 Nonmlrumast,12avidem

69 2319 125 2380 lon
146 2319 190 2381 'ns
208 2318 336 2378 insistere
353 2319 467 2388 ,inistas
481 2320 711 2398 imprecationes:
731 2320 798 2399 quia
812 2319 936 2382 furiosos
949 2318 1092 2380 Ecclesiae
1103 2319 1213 2396 hoster,

70 2419 125 2478 qm
147 2417 180 2461 us
200 2405 309 2463 metrum
327 2397 441 2460 iniicere
461 2398 562 2473 voluit,
581 2400 687 2462 scimus
706 2419 764 2460 non
784 2399 868 2462 iaoilo
886 2398 1102 2480 moverirllrgo
1117 2406 1151 2460 ut
1165 2399 1221 2460 do:
1252 2459 1255 2467 ,

71 2482 176 2546 sistant
196 2498 214 2540 a
232 2498 284 2538 sua
304 2477 474 2558 petulantia,
493 2477 688 2540 vehementius
708 2485 808 2540 contra
828 2499 878 2545 eos
897 2481 1026 2560 insurgit.
1068 2477 1213 2556 Ceterum,
1279 2543 1287 2554 ,

70 2558 174 2622 fideles
194 2559 345 2640 praecipue
360 2559 484 2637 respexit
498 2555 602 2630 David,
623 2560 673 2637 qui
693 2559 775 2637 mulis
795 2561 933 2640 oppressi,
952 2579 1011 2620 non
1032 2554 1087 2620 aliu
1106 2559 1214 2622 fultura

69 2641 218 2714 nituntur,
235 2639 288 2699 nisi
309 2637 376 2698 dum
397 2637 517 2708 audiunt
535 2655 572 2697 ax
593 2657 644 2698 ore
653 2635 719 2712 Dei,
739 2657 825 2718 qnam
847 2637 988 2698 horribilis
1007 2645 1122 2708 nument
1140 2639 1213 2700 ultio
1240 2633 1247 2651 '

68 2721 81 2779 ι
107 2739 204 2780 sorum
229 2717 341 2790 hostes,
370 2718 395 2781 si
420 2715 535 2796 quidam
561 2716 676 2797 reprobi
698 2725 774 2778 sunt.
815 2715 889 2778 Num
915 2717 1055 2778 sanabiles
1085 2724 1213 2798 optasset

106 2799 291 2938 ιιιιιιῚΚοοιιιι
310 2797 422 2877 oorrigi,
441 2796 492 2861 sed
511 2798 675 2876 desperatos
694 2798 782 2858 exilio
802 2816 857 2859 sno
876 2797 1013 2860 devovet:
1033 2817 1070 2858 ne
1087 2817 1212 2879 poenam

96 2899 178 2940 uaer

69 2901 149 3022 dura
169 2957 362 3038 progreditur,
385 2975 489 3037 nempe
507 2963 540 3018 ιιι
559 2953 640 3018 lleus
660 2948 696 3018 id
715 2962 846 3037 posteros
866 2976 959 3036 usque
977 2959 1048 3018 iram
1068 2975 1150 3018 snam
1169 2956 1211 3020 οι·

69 3039 190 3102 fundat:
209 3039 291 3098 sicuti
311 3057 369 3096 uon
387 3055 497 3096 novum
518 3043 560 3096 ast
580 3042 694 3116 patrum
708 3036 815 3096 seelera
830 3037 908 3099 reiioi
922 3038 953 3098 iu
967 3038 1060 3098 sinum
1075 3036 1210 3102 illiorum.

69 3118 148 3180 Num
169 3119 253 3178 sicuti
271 3116 396 3197 Spiritus
415 3117 552 3178 instinctu
577 3117 652 3176 diras
676 3119 744 3180 istas
768 3119 900 3196 concepit
919 3114 1029 3192 David,
1058 3117 1098 3178 ita
1123 3117 1209 3178 etiam

69 3199 196 3280 sumpsit
214 3217 250 3258 ex
270 3198 331 3277 ipsa
351 3193 436 3277 Lep,
456 3193 548 3256 Exod.
568 3215 631 3274 cap.
651 3199 700 3270 20,
720 3215 796 3256 vera.
819 3198 849 3258 5.
874 3194 923 3258 ubi
943 3197 1107 3276 pronuntiat
1127 3193 1209 3256 Deus
1268 3255 1272 3260 .

69 3298 104 3340 so
124 3295 230 3360 poenes
250 3276 286 3336 de
305 3277 398 3355 impiis
418 3275 661 3356 contemptoribus
680 3295 743 3336 sum
763 3282 861 3336 turum
881 3273 972 3358 uoqud
992 3275 1027 3334 nd
1047 3277 1209 3338 tertiumsi

68 3365 203 3436 quartam
222 3357 442 3437 generationem,
477 3355 541 3416 lloe
559 3355 646 3418 modo
665 3297 795 3418 maledici
814 3357 894 3436 cupit
912 3374 1011 3418 ooruru
1030 3356 1208 3432 memorum,

69 3445 105 3500 nt
123 3457 160 3500 ue
179 3437 298 3498 mortuis
317 3435 432 3515 quidem
451 3442 551 3516 puroet
568 3433 659 3496 Deus.

150 3519 200 3580 27.
221 3523 405 3598 Quisquam
424 3523 463 3588 to
475 3523 654 3596 permissisti.
674 3513 790 3576 Crimen
809 3533 910 3578 eorum
950 3513 1049 3588 rotari,
1068 3521 1102 3576 ιιι
1121 3533 1206 3596 appa-

69 3603 132 3663 reor
160 3597 340 3677 dignissimos
368 3615 439 3666 esse,
452 3603 514 3656 tam
538 3595 682 3656 atrocibus
705 3595 814 3676 poenis.
860 3535 985 3673 Quidam
1010 3601 1105 3656 antem
1129 3595 1207 3656 buno

68 3697 185 3739 remum
204 3679 243 3738 ita
263 3682 426 3756 cnppnnnt,
444 3674 584 3749 Domine,
608 3675 698 3755 plagis
723 3676 780 3734 luis
799 3693 858 3734 non
878 3677 1018 3750 oontenti,
1040 3671 1206 3734 saevierunt

65 3759 98 3820 iu
118 3757 263 3818 bominem
282 3757 432 3828 miserum,
457 3755 507 3834 qui
525 3756 585 3814 iana
602 3773 691 3814 mauu
709 3761 758 3814 tur
779 3755 943 3816 vulneratus
962 3761 1030 3816 erat.
1070 3753 1110 3813 Et
1129 3761 1206 3814 certa

13 3880 16 3903 .
67 3855 161 3918 quum
181 3835 342 3896 bumouitas
362 3854 445 3914 opem
461 3833 572 3896 ailliotis
586 3833 688 3928 silence
721 3835 865 3913 reeoipiat,
884 3833 1037 3896 belluinam
1056 3835 1204 3894 cromnam

66 3915 167 3998 prodit
195 3916 323 3996 quisquis
352 3914 470 3974 insultat
492 3931 644 3996 oppressu.
713 3932 766 3973 ano
789 3916 959 3976 seutentiam
985 3915 1031 3974 alii
1060 3912 1204 3988 refellunt,
1246 3947 1249 3954 ι

65 3997 164 4058 nescio
183 3996 307 4056 auratis
326 3991 411 4054 firmo
430 3999 613 4074 argumento,
659 3993 716 4054 nod
735 4013 794 4054 nou
814 3995 929 4075 proprie
950 4011 1099 4072 percussus
1118 3991 1204 4052 fuerit

66 4073 164 4135 David
193 4093 280 4134 mauu
305 4073 377 4149 Dei,
406 4073 473 4154 quia
498 4079 561 4133 toto
586 4014 700 4134 Psalmo
726 4073 762 4136 de
786 4073 912 4134 violenta
936 4071 1063 4133 hostium
1087 4069 1203 4136 libidine

66 4161 241 4234 oonqnartus
250 4159 302 4213 ost.
322 4153 681 4232 Argutornigitursensnm
695 4154 870 4232 excogitante
889 4153 948 4212 ausi
962 4151 1078 4224 diecret,
1096 4149 1202 4212 Hostes

65 4253 136 4296 suos
155 4231 286 4314 improbe
304 4233 422 4294 linxisse
442 4231 494 4292 sibi
513 4251 576 4293 osse
594 4233 697 4293 iustam
717 4251 847 4308 oausam,
871 4231 938 4312 quia
976 4229 1152 4292 loriabautur
1171 4249 1203 4292 re

65 4312 122 4376 Dei
141 4313 286 4380 ministros
305 4311 341 4374 ad
381 4331 482 4376 oenum
502 4311 538 4372 (lo
557 4311 694 4374 scelerato
711 4309 829 4374 homine
854 4253 1034 4376 sumendam:
1059 4311 1143 4372 sicuti
1168 4315 1203 4374 ιιι

65 4393 222 4482 plurimum
244 4392 339 4472 impii,
360 4335 448 4454 lmus
473 4391 576 4454 coloris
602 4391 733 4474 obtentu,
757 4391 811 4452 sibi
831 4390 943 4474 quidvis
961 4393 1079 4474 impuno
1099 4396 1199 4452 ooutm

870 1761 924 1820 nisi
944 1761 1107 1840 praeluceat
1125 1762 1217 1822 aonsi·
1303 1805 1308 1810 .

201 2879 224 2938 's
245 2878 357 2938 decreta
375 2883 432 2950 est,
456 2881 488 2939 et
506 2896 592 2956 qnam
610 2883 766 2951 merentur,
785 2877 929 2958 effugiant.
946 2898 949 2907 ’
968 2875 1106 2938 Proximo
1126 2897 1212 2942 versu
1317 2953 1325 2960 Ι
