2836 4886
506 325 550 366 rs
579 323 738 366 essum.
768 321 838 368 uxr.
1126 311 1129 318 ’
1196 323 1251 382 479

3 483 4 486 “
102 451 244 516 cordibus
262 453 377 526 nostris,
398 449 546 532 proprium
566 467 629 510 ease
649 415 714 509 [leo
734 455 762 508 et
783 443 968 530 inseparabile
986 445 1121 508 exaudire
1142 467 1249 529 preces,

2 559 4 572 ’
99 553 253 614 nunquam
272 533 434 593 excutietur
453 530 536 590 nohis
556 529 655 590 orandi
675 527 788 588 fiducia.
809 528 867 588 lam
888 547 977 610 quarn
997 545 1145 608 nunquam
1165 529 1249 590 desti·

2 637 5 674 t
98 621 202 674 tuetur
220 613 356 674 facultate
376 611 503 685 iuvandi,
522 610 630 670 laetum
650 615 679 668 et
693 627 864 689 prosperam
877 625 1040 668 successum
1055 607 1170 668 indubie
1184 625 1247 692 spe·

2 721 3 740 t
100 694 241 754 rabimus.
272 691 332 752 Nec
351 692 445 751 minus
462 696 567 750 netntu
586 687 704 770 dignum
724 695 768 748 est
787 688 866 768 quod
886 688 1024 768 seqnitur,
1043 688 1109 748 ideo
1128 711 1251 750 consen

100 797 219 836 ornatam
238 775 391 834 adiissem
409 781 579 834 meterem
598 771 665 850 quia
684 769 769 828 sicuti
788 785 873 828 nemo
893 784 990 850 coram
1010 766 1081 828 Deo
1095 769 1195 830 sistere
1214 789 1247 830 se

100 854 232 928 auderet,
251 854 306 912 nisi
325 870 477 931 persuasus
495 855 572 910 esset
591 867 658 909 eum
677 847 730 916 sihi
746 847 808 908 tore
821 846 1004 921 exorabilem,
1024 848 1063 908 ite
1080 846 1128 908 ubi
1143 857 1248 929 sponte

1 968 4 1000 ι
101 935 229 994 occurrit
248 952 283 994 se
302 931 468 1013 pronuntiat
486 949 546 989 uon
566 928 671 988 trustra
690 947 722 986 se
740 927 882 1003 invocari,
911 946 927 988 a
1029 935 1073 988 est
1091 929 1192 1002 ianua,
1213 935 1248 990 ut

1 1044 5 1081 ς
101 1013 234 1073 certatim
255 1028 354 1072 omnes
374 1011 410 1070 ad
429 1029 497 1069 eum
515 1009 671 1068 confluant.
710 1003 771 1068 Etsi
798 1009 874 1068 enim
895 1005 1063 1145 hypocritae
1082 1013 1112 1068 et
1132 1008 1246 1089 profani

2 1151 4 1158 ,
100 1092 245 1167 homiues,
265 1092 335 1152 dnm
349 1089 514 1150 necessitate
530 1093 676 1168 urgentur,
696 1093 764 1146 vota
778 1085 807 1146 in
823 1094 920 1164 aerem
940 1087 1060 1148 endunt:
1082 1085 1245 1150 hoctamen

102 1189 164 1232 non
185 1180 228 1232 est
249 1171 284 1232 ad
304 1170 400 1230 Deum
420 1187 494 1230 vere
507 1168 651 1241 secedere,
671 1165 720 1226 ubi
740 1165 807 1226 fidei
826 1166 1022 1227 certitudine·
1042 1187 1101 1227 non
1120 1168 1247 1232 afferunt

103 1273 144 1314 ex
159 1251 216 1312 Dei
230 1250 319 1310 verbo
339 1255 516 1330 conceptam,
535 1246 586 1308 sed
600 1245 725 1328 pendent
743 1245 780 1307 ab
799 1248 1012 1328 exspectatione
1031 1244 1141 1306 fortuiti
1160 1267 1245 1308 even·
1292 1311 1298 1323 ,

102 1340 162 1392 tus.
181 1331 367 1392 Praetueeant
380 1349 449 1410 ergo
464 1325 521 1388 Dei
535 1327 737 1410 promissiones
752 1345 868 1387 necesse
880 1332 931 1392 est,
952 1331 984 1386 ut
1004 1325 1050 1388 via
1070 1327 1124 1385 rite
1144 1327 1246 1388 orandi

105 1418 212 1494 pateat,
232 1412 299 1492 quin
318 1409 374 1469 illis
394 1407 522 1480 sublatis,
542 1404 726 1488 prohibemur
744 1421 762 1466 a
778 1401 834 1466 Dei
854 1425 980 1481 accessu,
998 1407 1088 1466 sicuti·
1101 1405 1180 1467 hune
1199 1427 1245 1468 or·

104 1493 202 1552 dinem
222 1491 320 1550 statuit
334 1489 443 1550 Paulus
462 1484 648 1568 adEphesioa
668 1487 761 1626 eapite
779 1486 875 1560 tertio,
896 1490 943 1548 12.
963 1492 997 1546 ut
1014 1487 1144 1568 quisquis
1161 1505 1244 1548 acoe-

102 1573 171 1632 riere
190 1571 226 1631 ad
246 1569 343 1630 Deum
362 1569 457 1650 cupit,
476 1567 621 1648 praeditus
640 1567 677 1626 sit
718 1565 753 1626 tle
772 1585 824 1680 per
844 1565 1006 1636 Christum,
1025 1584 1100 1646 quae
1120 1585 1187 1628 snm
1207 1566 1244 1626 ad

101 1651 238 1712 fiduciam
258 1649 372 1710 animet.
412 1645 488 1707 Hinc
507 1645 679 1726 colligimus,
704 1665 831 1726 regnam
851 1645 984 1726 precandi
1003 1645 1112 1706 nullam
1131 1665 1194 1706 esse
1213 1647 1244 1706 in
1325 1651 1331 1660 “

102 1729 145 1790 Pa
167 1737 226 1805 stu,
246 1729 296 1789 uhi
315 1728 460 1808 suspensis
479 1731 510 1786 et
529 1723 621 1786 dubiis
641 1725 744 1786 animis
764 1743 876 1806 semper
894 1723 991 1786 Deum
1011 1732 1102 1786 orant,
1129 1724 1245 1786 inaesti-

102 1752 209 1872 mahite
227 1816 324 1868 autem
343 1825 456 1887 semper
474 1810 520 1866 est
537 1805 720 1886 privilegium
738 1803 796 1864 hoo
815 1804 893 1886 (prod
908 1825 960 1886 per
969 1802 1156 1886 Evangelium
1175 1825 1243 1866 con·

103 1890 266 1970 sequimur,
291 1893 323 1946 ut
346 1885 418 1946 liber
441 1884 525 1947 nohis
548 1883 585 1944 ad
604 1883 702 1945 Deum
720 1883 864 1966 ingressus
883 1892 986 1965 pateat
1025 1883 1151 1946 Omnem
1171 1905 1243 1945 vern

104 1987 221 2028 samem
240 1965 407 2048 generaliter
424 1967 576 2026 nominans
594 1962 753 2045 Propheta,
779 1963 903 2026 breviter
920 1965 1041 2040 indicat,
1067 1965 1146 2045 quod
1172 1971 1243 2025 tune

103 2047 248 2128 singulare
275 2051 338 2106 erat
362 2043 486 2120 ludaeis,
515 2045 577 2105 lore
606 2043 760 2126 aliquando
790 2045 901 2103 eunctis
925 2043 1057 2126 gentibus
1081 2063 1245 2105 commune.

103 2128 203 2209 Atque
221 2127 261 2188 ita
281 2125 446 2186 vaticinium
466 2129 510 2186 est
529 2121 565 2184 tle
582 2111 689 2185 iuturo‘
702 2123 808 2184 Christi
827 2141 924 2205 regnu.

183 2205 212 2269 4.
238 2208 334 2268 Verte
352 2215 552 2302 iniquitatem,
587 2201 658 2265 Non'
673 2205 858 2286 conqueritur
876 2204 1017 2290 populum
1036 2203 1114 2265 taleis
1134 2203 1241 2274 calum
1266 2253 1272 2270 .

102 2288 157 2348 niis
209 2288 296 2363 avari,
316 2286 365 2346 ssd
385 2284 550 2368 simpliciter
568 2283 674 2346 latetur
692 2285 855 2366 iniquitates
874 2303 938 2346 esse
956 2283 1105 2345 obstaculo
1130 2287 1243 2365 quomi-

102 2387 184 2507 itt,
206 2365 567 2506 :ttt‘tttittt
581 2363 837 2508 tttttttttt
857 2361 1242 2526 i”⁶·ttt¹tt⁰:t,ttt

831 2487 839 2519 ‚
880 2487 888 2504 .

103 2527 179 2586 auris
203 2525 323 2585 Domini
352 2527 506 2605 quominus
534 2525 643 2585 audiat:
674 2525 723 2585 sed
753 2526 915 2606 iniquitates
939 2531 1053 2584 nostrae
1078 2526 1240 2586 distantiam
1330 2539 1337 2550 '
1389 2581 1392 2595 ,

125 2611 216 2666 onunt
235 2606 309 2664 iuter
327 2623 381 2664 nna
401 2609 431 2664 et
449 2606 553 2686 ipsum.
592 2601 625 2663 ln
646 2621 768 2677 summa,
788 2603 866 2684 quod
881 2602 963 2665 Deus
983 2607 1031 2686 qui
1053 2623 1120 2666 suos
1139 2606 1241 2666 libera·

103 2628 169 2746 liter
186 2685 285 2744 invare
304 2683 386 2758 solet,
405 2685 465 2744 ir'no
485 2684 605 2745 comiter
623 2689 654 2744 et
672 2683 775 2744 blande
793 2683 831 2743 ad
849 2685 1001 2755 reinvitat,
1020 2701 1137 2744 manum
1157 2703 1239 2746 suam

103 2765 139 2824 ad
166 2771 281 2860 tempus
303 2762 435 2838 retrahit,
460 2762 546 2860 ispius
571 2762 640 2823 mali
664 2763 779 2843 eulpam
799 2763 858 2822 suia
877 2769 907 2824 et
925 2763 1025 2860 popqti
1046 2766 1168 2844 peccatis
1187 2767 1239 2825 im·

80 2840 542 3003 sittttttsittttt
557 2842 868 2985 ttt‘tttttt
883 2849 1030 3004 {titt
1048 2845 1241 2986 tttttitt
1281 2941 1289 2950 -

104 3003 238 3084 adiungit.
278 3000 361 3061 lianc
379 3021 448 3062 vern
466 3003 635 3063 sententiam
655 3003 774 3062 inservit
785 3001 938 3084 Propheta,
957 3021 1017 3062 non
1036 3009 1148 3063 utseet
1167 3004 1239 3064 alios
1342 3041 1344 3048 ·

104 3081 266 3165 prohiberet
284 3081 321 3141 ab
341 3082 440 3176 opaudi
459 3081 573 3154 fiducia,
593 3080 642 3143 setl
663 3101 682 3221 p

104 3167 191 3244 geret,
211 3161 289 3242 quod
309 3167 417 3222 arceret
436 3168 556 3222 cunctos
575 3169 710 3223 mortaes
729 3181 746 3222 a
766 3159 826 3222 Dei
841 3173 988 3224 suoeeaam
1008 3163 1062 3222 nisi
1082 3169 1240 3224 statuerent

683 3083 758 3142 otius
777 3087 811 3142 nt
834 3099 921 3163 supra
946 3081 1124 3143 obstaculum
1146 3101 1238 3144 emer-
1335 3080 1338 3090 “

103 3243 232 3323 indignos
251 3251 368 3322 qnoque
387 3241 524 3302 exaudiri
563 3239 715 3302 Probabile
740 3259 810 3304 rere
835 3247 879 3302 est
898 3243 1039 3324 praeacuti
1063 3242 1160 3323 aliquo
1179 3245 1239 3304 irae
1297 3275 1301 3284 ⁴
1368 3230 1374 3244 ’

65 3333 69 3341 ’
104 3321 158 3382 Dei
179 3323 260 3404 siguo
280 3321 427 3402 perculsos
447 3320 534 3382 luisse
553 3329 622 3382 tunc
640 3321 748 3395 fideles,
768 3322 835 3402 quia
855 3321 1038 3382 contrahens
1052 3323 1239 3384 tentationem

103 3401 227 3462 luctatur
237 3399 341 3460 David.
372 3399 463 3462 Porro
482 3401 612 3462 videmus
631 3401 660 3462 in
702 3408 818 3482 romptu
837 3403 863 3463 ei
879 3401 966 3464 tmsse
986 3401 1152 3475 remedium,
1172 3404 1239 3483 qnia

103 3501 138 3540 os
150 3477 293 3562 'opposito
313 3487 427 3562 reputat
445 3483 595 3564 proprium
614 3421 741 3542 esselld
760 3501 865 3542 munus
885 3481 953 3542 dare
972 3483 1086 3542 veniam
1105 3483 1237 3562 peccatis,

103 3579 193 3642 eaque
212 3561 336 3642 expiare.
377 3560 419 3621 lta
440 3561 486 3620 hie
505 3579 622 3641 quoque
641 3580 741 3621 versus
766 3581 832 3622 oum
850 3563 990 3642 superiori
1009 3564 1123 3621 contexi
1144 3561 1238 3628 debet,

103 3647 188 3722 atque
206 3640 385 3700 adversative
405 3640 519 3714 resolvi,
538 3640 595 3700 hoe
613 3641 711 3708 modo.
732 3638 873 3719 Quamvis
890 3643 1052 3722 iniquitates
1070 3647 1186 3702 nostrae
1205 3649 1239 3702 ut

102 3719 243 3802 repulsam
263 3725 418 3795 merentur,
438 3720 540 3800 procul
559 3739 612 3780 nos
632 3737 649 3781 a
666 3729 821 3802 conspeetu
841 3725 892 3798 tuq
907 3721 1033 3782 eiiciahta
1054 3723 1122 3802 quia
1140 3727 1237 3781 tamen

103 3807 130 3860 te
147 3801 184 3860 ad
204 3799 460 3861 mconciliationem
479 3805 609 3881 paratum
624 3801 758 3876 ostendis,
778 3819 893 3861 cursum
912 3800 1043 3882 precibus
1052 3801 1157 3861 uostrb
1176 3821 1237 3861 non

104 3879 278 3961 abrumpent.
319 3877 469 3940 Doeemnr
486 3887 582 3940 autem
604 3879 659 3941 hou
677 3881 759 3955 loco,
784 3901 842 3942 nou
867 3879 950 3942 aliter
968 3883 1082 3941 etrnrari
1101 3879 1198 3940 Deum
1218 3899 1236 3940 a

105 3957 184 4016 nohis
202 3979 295 4039 posse,
315 3961 369 4020 nisi
390 3961 458 4019 tium
478 3959 643 4041 suppliciter
662 3961 1235 4056 veniamdeprecamurnostrispcocatia.

106 4033 211 4096 interea
231 4038 415 4100 dubitandum
436 4059 494 4100 non
514 4047 558 4099 est
577 4043 646 4122 quin
666 4043 788 4121 gratuita
808 4039 990 4122 peccatorum
1000 4041 1127 4100 remissm
1138 4037 1235 4101 Deum

105 4113 183 4174 nobie
203 4118 340 4178 enuntiet.
382 4119 470 4199 Quod
496 4120 519 4178 ai
540 4119 683 4201 paulisper
706 4120 825 4202 gratiam
849 4139 931 4181 snam
951 4119 1131 4180 submoveat:
1150 4119 1234 4180 adeo-

106 4215 159 4276 que
178 4201 290 4276 tergum
308 4196 390 4258 nobis
409 4199 553 4268 obvertat,
578 4196 696 4260 Davidis
715 4205 812 4261 tamen
831 4199 964 4282 exemplo
984 4199 1019 4260 ad
1039 4219 1119 4279 spem
1138 4201 1235 4280 expia·

98 4273 185 4334 tionis
205 4293 352 4355 erumpere
371 4279 513 4343 convenit.
544 4277 630 4357 Quod
651 4281 693 4339 ain
714 4281 785 4340 niani
805 4299 925 4340 numero
944 4279 1048 4340 latetur
1062 4295 1093 4340 ae
1111 4279 1238 4358 peccatis

106 4353 246 4428 obrutum,
266 4355 340 4414 ratio
359 4357 453 4417 afferri
474 4365 576 4438 potest,
596 4361 672 4440 qued
686 4301 749 4420 ilex
770 4379 860 4440 quum
879 4366 962 4433 esset,
981 4364 1075 4418 totum
1094 4358 1234 4441 populum

105 4433 341 4516 repraesentabat:
365 4436 411 4496 vel
436 4437 513 4518 quod
533 4437 587 4500 hac
608 4441 727 4502 docendi
747 4439 847 4516 torma,
873 4440 955 4502 sicuti
976 4437 1087 4513 Daniel,
1107 4437 1234 4518 singulos
