2726 4888
23 3079 33 3092 ·
116 3049 195 3130 quod
216 3069 253 3129 po

478 293 849 372 'urrunnun
1008 244 1024 342 ἱ,
1179 293 1235 352 53³
1337 343 1349 350 ,

97 424 223 504 assignat
241 419 351 497 David,
374 421 445 502 quin
468 419 635 482 auderitaie
653 425 683 482 et
702 437 790 481 manu
809 425 974 502 compescat
991 400 1152 502 improbos,
1175 439 1236 482 non

96 511 205 564 temere
228 501 342 563 additur
364 501 396 560 iu
420 499 478 560 fine
496 519 609 576 versus,
633 501 775 562 oiolmtos
793 499 841 560 vel
865 497 1036 580 praedones,
1061 499 1110 560 ubi
1129 499 1237 580 vigebit

44 603 48 615 ·
98 583 223 658 iustitia,
247 581 435 660 confractum
460 587 509 642 tri.
548 577 649 660 Neque
669 581 745 641 enim
764 579 988 675 exspectandum
1008 585 1051 639 cst
1070 579 1139 638 duur
1159 579 1235 640 ultro

97 663 210 736 cedant,
230 660 280 721 aed
301 659 395 740 padio
413 659 586 741 reprimendi
604 663 680 734 aunt,
698 677 736 718 ne
754 657 882 720 lascrviat
900 677 1002 720 eorum
1020 659 1186 740 improbitas
1206 665 1238 719 et
1276 674 1280 697 ¹

88 742 226 804 audacia.
250 739 410 800 (tardatum
429 739 514 819 igitur
528 739 684 820 principem
709 757 772 800 case
791 745 913 820 oporiet,
934 746 1022 818 atque
1041 741 1167 798 animose
1183 731 1236 822 p'q·

98 828 194 882 return
219 819 256 880 ad
281 817 454 880 cohibendos
477 817 640 899 improbos,
670 823 703 878 ut
728 820 869 878 mansueti
893 823 923 878 ct
946 817 1069 879 modesti
1088 819 1133 878 ius
1152 837 1239 878 suum
1280 818 1283 826 ’

100 901 257 962 obtineant.
296 899 393 980 Atque
413 899 452 958 ita
472 917 557 958 nemo
577 897 614 957 ad
633 895 789 978 regendum
808 898 950 1036 populum
969 900 1023 958 erit
1043 897 1163 958 idoneus
1183 897 1239 958 uisi

101 981 151 1061 qui
170 977 300 1040 didicerit
319 997 435 1037 severus
454 995 515 1038 esse
535 977 584 1038 ubi
603 995 649 1037 res
668 981 707 1038 ita
728 984 812 1058 postu
823 985 866 1036 at:
896 979 964 1058 quia
984 977 1045 1038 lieri
1064 997 1123 1036 non
1143 983 1240 1056 potest

101 1061 171 1141 quin
190 1056 243 1118 sub
263 1057 342 1116 molli
362 1063 391 1116 et
411 1059 513 1136 ignavo
533 1057 674 1139 principe,
700 1057 746 1116 vel
769 1057 855 1116 etiam
873 1058 959 1116 nimie
978 1056 1053 1116 sacili
1073 1061 1102 1116 et
1120 1057 1239 1117 remisso
1312 1131 1314 1140 Α

101 1144 245 1219 graeeetur
264 1137 383 1196 licentia.
408 1138 453 1196 Ac
471 1155 539 1198 vere
559 1137 628 1196 olim
647 1135 755 1198 dictum
774 1135 838 1212 luit,
857 1135 981 1196 deterius
1001 1155 1063 1196 esse
1087 1135 1141 1205 suh
1163 1138 1240 1216 prin,-

102 1222 166 1300 eipe
185 1219 282 1310 vivere
306 1216 388 1276 cuiue
410 1215 583 1298 indrdgeutia
606 1217 702 1278 omnia
725 1216 826 1292 licent,
856 1232 944 1298 mam
967 1214 1021 1276 sub
1046 1221 1170 1296 tyranno
1190 1215 1241 1276 ubi

102 1295 391 1470 ”anamiim
409 1382 448 1436 te.
476 1372 509 1434 Si
529 1393 580 1470 per
598 1373 792 1514 apostrophon
816 1373 909 1460 legas,
928 1375 1035 1472 poterit
1048 1373 1173 1470 ‚hoo-ad·
1185 1372 1241 1470 Rc·

105 1475 170 1552 gena
193 1473 253 1550 non
276 1454 458 1516 incommode
474 1454 594 1549 .¹⁶f⁰“.¹’
640 1473 691 1516 eeo
716 1456 821 1550 scincet
845 1471 995 1552 praecipua
1015 1455 1080 1550 lore
1098 1454 1243 1550 drgurtatrs

103 1543 224 1616 iusignia
248 1551 323 1614 quae
342 1539 530 1594 irrorantiam
548 1553 575 1594 er
595 1535 671 1615 apud
691 1534 820 1596 aubdrtoa
839 1536 1004 1608 conedrent,
1028 1554 1052 1594 sr
1071 1553 1116 1594 rus
1137 1553 1242 1616 curque

103 1635 188 1676 suum
212 1613 397 1693 aequabiliter
420 1613 532 1674 reddat:
556 1613 699 1708 numanus
723 1615 759 1674 ait
784 1613 820 1674 ad
839 1613 979 1709 iuvandos
999 1615 1131 1709 miseros,
1156 1615 1242 1710 etad

103 1693 618 1852 ltttdtddt'ttttltttt
637 1693 1252 1854 attile„ittotiiffitttttttt

104 1851 246 1914 etimabile
271 1850 378 1912 bouum
404 1859 460 1925 est,
484 1855 655 1932 aequitatem
681 1861 782 1912 mutuo
803 1851 858 1914 coli
877 1855 952 1913 iuter
992 1853 1117 1926 onrines,
1142 1854 1244 1914 maiori

105 1941 203 1994 umen
228 1933 258 1991 in
281 1934 375 2012 pretio
395 1937 519 1992 meretur
545 1951 608 1992 ease
626 1931 683 1991 Dei
702 1932 805 1992 cultus.
845 1931 969 2013 ideoque
988 1934 1053 2014 piae
1072 1939 1262 2013 eancmcque‘

106 2013 321 2094 gubernationis
341 2011 465 2073 imctum
484 2029 543 2070 non
562 2011 613 2070 abs
631 2031 663 2072 re
682 2009 777 2071 David
797 2012 990 2086 commendat,
1011 2011 1088 2092 quod
1109 2014 1243 2092 pietatem

110 2101 139 2154 et
158 2093 291 2154 timorem
311 2089 366 2150 Dei
386 2109 483 2152 aecum
504 2093 610 2150 afferet
638 2089 764 2172 Ideoque
787 2089 894 2152 Paulus
913 2096 942 2155 1.
952 2089 1025 2152 Tim.
1046 2097 1075 2166 2,
1094 2097 1122 2153 2.
1143 2092 1244 2152 iubens

114 2191 197 2232 orare
215 2190 270 2254 pro
289 2167 429 2250 Regibus,
449 2169 535 2230 linem
556 2173 633 2230 huno
652 2171 756 2232 diserte
776 2173 919 2252 exprimit,
938 2177 971 2232 ut
989 2173 1171 2251 tranquillam
1191 2171 1244 2232 sub

108 2251 615 2392 llldtttttstzttttt
634 2247 1246 2392 tittdtttfttoltletttzt

109 2351 157 2472 gt
176 2409 232 2470 Dei
250 2409 360 2482 cultus,
385 2351 511 2490 periurat
530 2351 638 2470 David¹
652 2416 684 2470 ut
704 2372 784 2470 De'ue
811 2353 933 2472 dopmnis
959 2354 1058 2472 oniae
1075 2353 1183 2492 gloriae
1203 2431 1246 2472 re·

110 2511 124 2551 e
162 2497 239 2550 ctum
268 2488 371 2549 habeat
399 2491 430 2548 in
454 2485 532 2568 Rege
558 2490 764 2550 conservando.
809 2487 874 2550 Hoc
897 2489 998 2550 codem
1023 2499 1192 2570 argumento
1216 2497 1247 2552 et

135 2589 208 2710 ¹251oe
228 2568 362 2709 ednqouqit
382 2569 427 2626 eui
442 2567 542 2706 tcilicii,
561 2569 749 2708 etdpopulum
770 2567 806 2708 ddd
825 2570 999 2708 prsscandulm
1019 2569 1158 2666 stimulat:
1179 2573 1246 2666 quia

111 2671 172 2790 liius¹
190 2668 285 2789 eiiii&
298 2665 440 2787 qqmueuqq
464 2657 1249 2810 diluznirrietugodddiilurffmhocffliocrilgiruzlcridsmiroffi

112 2807 1247 2952 ttmttlttttrltdlllitt,lt‘ltrtttit‘ttttltttt

32 2995 42 3006 .
115 2931 206 3031 obiter
230 2967 383 3106 sipniiioet,
408 2985 439 3027 se
464 2968 559 3027 auimo
584 2909 779 3029 einander&
795 2967 832 3028 ad
856 2907 1005 3028 aeteruiim
1031 2967 1104 3030 iliud
1128 2931 1249 3051 regnari

194 3131 221 3191 6.
242 3045 618 3206 liheilctilridesimguiirequdam
636 3127 750 3186 videtur
769 3127 898 3206 asperior
916 3146 978 3188 case
998 3128 1163 3202 similitudo,
1183 3149 1251 3190 con·

113 3209 195 3270 cinae
209 3215 304 3272 tamea
322 3213 353 3268 et
371 3207 441 3268 acite
461 3207 595 3287 exprimit
614 3213 753 3286 quantum
773 3207 900 3268 utilitatis
919 3209 948 3266 iu
969 3227 1123 3270 commuue
1144 3229 1248 3289 prove-

115 3293 176 3350 niat
203 3309 241 3349 ex
270 3287 362 3368 probo
388 3295 418 3346 et
443 3287 568 3365 legitimo
587 3289 665 3367 regni
685 3293 769 3346 statu.
809 3285 924 3347 Scimus
943 3289 1019 3346 enim
1039 3288 1151 3348 tonderi
1170 3287 1253 3370 prata‘

116 3367 199 3428 initio
218 3369 340 3440 aestans,
360 3367 408 3426 ubi
428 3368 484 3426 ianr
505 3367 666 3430 dominatur
684 3367 774 3426 calor:
794 3367 833 3426 ita
852 3369 907 3426 nisi
922 3365 1071 3428 humorem
1087 3388 1252 3430 novamen-

117 3455 196 3530 geret
220 3455 320 3520 terra,
333 3449 411 3528 ipsae
436 3465 553 3526 quoque
572 3445 680 3507 radices
699 3453 816 3527 propter
840 3453 934 3506 termo
961 3447 1118 3508 nuditatem
1143 3451 1253 3510 aresce-

115 3533 189 3588 rent
230 3523 324 3586 Docet
342 3546 411 3606 ergo
430 3525 534 3600 David,
554 3527 713 3596 annaliter
734 3523 829 3588 Deum
842 3526 998 3588 ,consulere
1017 3525 1164 3588 Ecclesiae
1183 3549 1253 3591 suae

116 3607 211 3680 edati,
231 3605 284 3666 aab
304 3604 389 3688 Regio
409 3625 495 3666 mauu
515 3625 578 3666 cam
597 3607 781 3687 protegendo,
802 3625 889 3686 quam
908 3608 1073 3686 irrigatione
1093 3609 1253 3670 terramala

116 3693 198 3748 aestu
218 3685 351 3746 delcodit.
391 3685 455 3745 Hoc
474 3705 543 3745 vero
562 3689 713 3768 praecipue
732 3687 762 3745 iu
776 3684 891 3746 Christo
911 3687 1041 3746 videmus
1062 3689 1181 3772 impleri,
1202 3691 1259 3774 qui¹

117 3785 250 3828 mearam
268 3768 389 3847 gratiam
408 3765 554 3840 stillando,
581 3766 649 3826 lacit
666 3763 823 3826 Ecclesiam
843 3785 924 3828 enam
945 3767 1096 3848 pullulare

211 3965 241 4034 7.
264 3965 405 4034 Florobit
424 3965 458 4032 iu
481 3965 591 4034 diebus
614 3965 681 4034 eius
702 3965 821 4036 iustuse
843 3977 876 4036 et
895 3967 1069 4035 multitudo
1085 3966 1181 4064 pacis,
1204 3969 1257 4038 do

119 4095 269 4144 necnon
292 4073 333 4141 eit
350 4072 438 4140 luna.
482 4073 513 4140 8.
536 4071 579 4139 Et
601 4072 812 4140 dominabitur
833 4097 851 4140 a
873 4073 951 4144 mari
973 4097 1078 4164 usque
1101 4075 1141 4148 ad
1162 4099 1257 4160 mare,

119 4189 153 4248 et
179 4203 196 4244 a
219 4179 349 4246 flumine
375 4201 478 4270 usque
506 4178 546 4245 ad
567 4179 721 4248 terminos
743 4189 854 4248 terrae.
899 4179 930 4249 9.
954 4177 1074 4247 Coram
1094 4181 1165 4272 ipso
1187 4205 1258 4274 pro-

118 4283 223 4354 cident
243 4283 363 4354 incolae
386 4285 509 4367 desedi,
530 4295 563 4354 et
583 4285 700 4353 inimici
723 4285 790 4354 eius
807 4285 1111 4380 pulveremlingeut.
1136 4291 1188 4356 10.
1200 4288 1259 4359 Re·

117 4415 176 4484 ges
201 4375 332 4465 Thur'eie
358 4401 391 4462 et
415 4391 589 4464 insularum
616 4413 735 4462 munus
761 4391 905 4468 efferente
948 4391 1052 4488 Reges
1074 4394 1200 4466 Scheba
1226 4407 1261 4468 et
