<?xml version="1.0" encoding="UTF-8"?>
<!DOCTYPE html PUBLIC "-//W3C//DTD XHTML 1.0 Transitional//EN"
    "http://www.w3.org/TR/xhtml1/DTD/xhtml1-transitional.dtd">
<html xmlns="http://www.w3.org/1999/xhtml" xml:lang="en" lang="en">
 <head>
  <title>
</title>
<meta http-equiv="Content-Type" content="text/html;charset=utf-8" />
  <meta name='ocr-system' content='tesseract 3.04.00' />
  <meta name='ocr-capabilities' content='ocr_page ocr_carea ocr_par ocr_line ocrx_word'/>
</head>
<body>
  <div class='ocr_page' id='page_1' title='image "./ioanniscalvinii03tholgoog_0147.png"; bbox 0 0 2818 4886; ppageno 0'>
   <div class='ocr_carea' id='block_1_1' title="bbox 114 202 908 336">
    <p class='ocr_par' dir='ltr' id='par_1_1' title="bbox 114 202 908 336">
     <span class='ocr_line' id='line_1_1' title="bbox 192 202 206 223; baseline 0 0"><span class='ocrx_word' id='word_1_1' title='bbox 192 202 206 223; x_wconf 80' lang='lat'><em>.</em></span> 
     </span>
     <span class='ocr_line' id='line_1_2' title="bbox 114 241 908 336; baseline -0.006 -22"><span class='ocrx_word' id='word_1_2' title='bbox 114 241 249 329; x_wconf 43' lang='lat' dir='ltr'>fug</span> <span class='ocrx_word' id='word_1_3' title='bbox 323 281 327 300; x_wconf 84' lang='lat'><strong>·</strong></span> <span class='ocrx_word' id='word_1_4' title='bbox 414 317 422 336; x_wconf 42' lang='grc' dir='ltr'><em>Ι</em></span> <span class='ocrx_word' id='word_1_5' title='bbox 622 266 908 320; x_wconf 73' lang='lat' dir='ltr'>ncssvssus</span> 
     </span>
    </p>
   </div>
   <div class='ocr_carea' id='block_1_2' title="bbox 126 377 1389 1264">
    <p class='ocr_par' dir='ltr' id='par_1_2' title="bbox 193 377 1389 1106">
     <span class='ocr_line' id='line_1_3' title="bbox 195 377 1389 492; baseline -0.004 -34"><span class='ocrx_word' id='word_1_6' title='bbox 195 397 271 458; x_wconf 87' lang='lat' dir='ltr'>cuim</span> <span class='ocrx_word' id='word_1_7' title='bbox 287 391 558 492; x_wconf 33' lang='lat' dir='ltr'>‘verbo‘contiuuus</span> <span class='ocrx_word' id='word_1_8' title='bbox 575 377 689 492; x_wconf 30' lang='lat' dir='ltr'>‘faveris</span> <span class='ocrx_word' id='word_1_9' title='bbox 709 391 765 452; x_wconf 85' lang='lat' dir='ltr'>Dei</span> <span class='ocrx_word' id='word_1_10' title='bbox 789 409 958 487; x_wconf 61' lang='lat' dir='ltr'>pergratus</span> <span class='ocrx_word' id='word_1_11' title='bbox 981 397 1086 487; x_wconf 42' lang='lat' dir='ltr'>uetat..</span> <span class='ocrx_word' id='word_1_12' title='bbox 1111 389 1170 487; x_wconf 60' lang='grc' dir='ltr'>ξεν</span> <span class='ocrx_word' id='word_1_13' title='bbox 1188 391 1327 488; x_wconf 71' lang='lat' dir='ltr'>dilatatis-</span> <span class='ocrx_word' id='word_1_14' title='bbox 1388 459 1389 470; x_wconf 10' lang='grc' dir='ltr'>χ</span> 
     </span>
     <span class='ocr_line' id='line_1_4' title="bbox 194 470 1328 630; baseline -0.007 -14"><span class='ocrx_word' id='word_1_15' title='bbox 194 471 596 616; x_wconf 63' lang='lat' dir='ltr'>ts.;¹¹s‘³tttstt¹isi</span> <span class='ocrx_word' id='word_1_16' title='bbox 619 471 1157 630; x_wconf 65' lang='lat' dir='ltr'>sttstssddsststt</span> <span class='ocrx_word' id='word_1_17' title='bbox 1174 470 1328 630; x_wconf 55' lang='lat' dir='ltr'>{iffi</span> 
     </span>
     <span class='ocr_line' id='line_1_5' title="bbox 195 630 1389 714; baseline -0.004 -19"><span class='ocrx_word' id='word_1_18' title='bbox 195 633 358 714; x_wconf 83' lang='lat' dir='ltr'>exquibus</span> <span class='ocrx_word' id='word_1_19' title='bbox 378 630 480 712; x_wconf 84' lang='lat' dir='ltr'>pedem</span> <span class='ocrx_word' id='word_1_20' title='bbox 498 649 616 690; x_wconf 85' lang='lat' dir='ltr'>movere</span> <span class='ocrx_word' id='word_1_21' title='bbox 635 651 694 691; x_wconf 85' lang='lat' dir='ltr'>neu</span> <span class='ocrx_word' id='word_1_22' title='bbox 713 631 789 690; x_wconf 84' lang='lat' dir='ltr'>licet.</span> <span class='ocrx_word' id='word_1_23' title='bbox 809 631 917 691; x_wconf 85' lang='lat' dir='ltr'>Sensus</span> <span class='ocrx_word' id='word_1_24' title='bbox 937 637 994 704; x_wconf 85' lang='lat' dir='ltr'>est,</span> <span class='ocrx_word' id='word_1_25' title='bbox 1013 649 1104 710; x_wconf 83' lang='lat' dir='ltr'>quum</span> <span class='ocrx_word' id='word_1_26' title='bbox 1122 630 1154 688; x_wconf 89' lang='lat' dir='ltr'>ia</span> <span class='ocrx_word' id='word_1_27' title='bbox 1171 637 1329 690; x_wconf 69' lang='lat' dir='ltr'>ammam</span> <span class='ocrx_word' id='word_1_28' title='bbox 1388 659 1389 668; x_wconf 44' lang='lat'>¹</span> 
     </span>
     <span class='ocr_line' id='line_1_6' title="bbox 195 708 1330 794; baseline -0.004 -20"><span class='ocrx_word' id='word_1_29' title='bbox 195 712 420 794; x_wconf 66' lang='lat' dir='ltr'><strong>desperationem</strong></span> <span class='ocrx_word' id='word_1_30' title='bbox 444 711 587 770; x_wconf 71' lang='lat' dir='ltr'>cuummus</span> <span class='ocrx_word' id='word_1_31' title='bbox 614 718 703 785; x_wconf 86' lang='lat' dir='ltr'>esset,</span> <span class='ocrx_word' id='word_1_32' title='bbox 732 709 877 770; x_wconf 81' lang='lat' dir='ltr'>Divinitas</span> <span class='ocrx_word' id='word_1_33' title='bbox 902 710 991 769; x_wconf 80' lang='lat' dir='ltr'>tuisse</span> <span class='ocrx_word' id='word_1_34' title='bbox 1016 708 1192 788; x_wconf 81' lang='lat' dir='ltr'>expeditum.</span> <span class='ocrx_word' id='word_1_35' title='bbox 1231 708 1330 788; x_wconf 77' lang='lat' dir='ltr'>Atque</span> 
     </span>
     <span class='ocr_line' id='line_1_7' title="bbox 195 788 1329 872; baseline -0.005 -18"><span class='ocrx_word' id='word_1_36' title='bbox 195 794 267 854; x_wconf 81' lang='lat' dir='ltr'>haee</span> <span class='ocrx_word' id='word_1_37' title='bbox 285 791 321 850; x_wconf 91' lang='lat' dir='ltr'>ad</span> <span class='ocrx_word' id='word_1_38' title='bbox 339 789 535 872; x_wconf 73' lang='lat' dir='ltr'>corrigendam</span> <span class='ocrx_word' id='word_1_39' title='bbox 559 795 686 850; x_wconf 75' lang='lat' dir='ltr'>ausuum</span> <span class='ocrx_word' id='word_1_40' title='bbox 710 789 896 850; x_wconf 85' lang='lat' dir='ltr'>diffidentiam</span> <span class='ocrx_word' id='word_1_41' title='bbox 923 789 1054 869; x_wconf 88' lang='lat' dir='ltr'>apprime</span> <span class='ocrx_word' id='word_1_42' title='bbox 1073 788 1214 850; x_wconf 85' lang='lat' dir='ltr'>utitisest</span> <span class='ocrx_word' id='word_1_43' title='bbox 1233 788 1329 848; x_wconf 83' lang='lat' dir='ltr'>admu-</span> 
     </span>
     <span class='ocr_line' id='line_1_8' title="bbox 193 867 1330 948; baseline -0.004 -16"><span class='ocrx_word' id='word_1_44' title='bbox 193 874 276 944; x_wconf 86' lang='lat' dir='ltr'>nitio,</span> <span class='ocrx_word' id='word_1_45' title='bbox 295 871 349 930; x_wconf 90' lang='lat' dir='ltr'>uisi</span> <span class='ocrx_word' id='word_1_46' title='bbox 367 870 442 930; x_wconf 86' lang='lat' dir='ltr'>euim</span> <span class='ocrx_word' id='word_1_47' title='bbox 461 869 544 928; x_wconf 84' lang='lat' dir='ltr'>uobis</span> <span class='ocrx_word' id='word_1_48' title='bbox 562 887 682 930; x_wconf 85' lang='lat' dir='ltr'>amnena</span> <span class='ocrx_word' id='word_1_49' title='bbox 701 870 737 928; x_wconf 91' lang='lat' dir='ltr'>sit</span> <span class='ocrx_word' id='word_1_50' title='bbox 760 875 827 928; x_wconf 87' lang='lat' dir='ltr'>aute</span> <span class='ocrx_word' id='word_1_51' title='bbox 846 869 946 928; x_wconf 88' lang='lat' dir='ltr'>oculos</span> <span class='ocrx_word' id='word_1_52' title='bbox 964 867 1095 948; x_wconf 83' lang='lat' dir='ltr'>planities</span> <span class='ocrx_word' id='word_1_53' title='bbox 1114 869 1145 926; x_wconf 92' lang='lat' dir='ltr'>iu</span> <span class='ocrx_word' id='word_1_54' title='bbox 1163 885 1222 948; x_wconf 89' lang='lat' dir='ltr'>qna</span> <span class='ocrx_word' id='word_1_55' title='bbox 1241 867 1330 928; x_wconf 86' lang='lat' dir='ltr'>libers</span> 
     </span>
     <span class='ocr_line' id='line_1_9' title="bbox 195 939 1328 1084; baseline -0.006 -71"><span class='ocrx_word' id='word_1_56' title='bbox 195 951 322 1014; x_wconf 79' lang='lat' dir='ltr'>exsultet</span> <span class='ocrx_word' id='word_1_57' title='bbox 347 967 429 1022; x_wconf 83' lang='lat' dir='ltr'>esre,</span> <span class='ocrx_word' id='word_1_58' title='bbox 448 947 621 1030; x_wconf 69' lang='lat' dir='ltr'><strong>trepidamus</strong></span> <span class='ocrx_word' id='word_1_59' title='bbox 645 952 703 1009; x_wconf 85' lang='lat' dir='ltr'>acsi</span> <span class='ocrx_word' id='word_1_60' title='bbox 721 939 869 1010; x_wconf 71' lang='lat' dir='ltr'>postserra</span> <span class='ocrx_word' id='word_1_61' title='bbox 889 947 1029 1008; x_wconf 79' lang='lat' dir='ltr'>deiiceret</span> <span class='ocrx_word' id='word_1_62' title='bbox 1069 944 1229 1006; x_wconf 81' lang='lat' dir='ltr'>Teneamus</span> <span class='ocrx_word' id='word_1_63' title='bbox 1248 967 1328 1084; x_wconf 61' lang='lat' dir='ltr'>erpa,</span> 
     </span>
     <span class='ocr_line' id='line_1_10' title="bbox 193 1025 1327 1106; baseline -0.006 -13"><span class='ocrx_word' id='word_1_64' title='bbox 193 1051 254 1093; x_wconf 89' lang='lat' dir='ltr'>uou</span> <span class='ocrx_word' id='word_1_65' title='bbox 272 1029 375 1088; x_wconf 78' lang='lat' dir='ltr'>trustra</span> <span class='ocrx_word' id='word_1_66' title='bbox 394 1047 460 1088; x_wconf 89' lang='lat' dir='ltr'>man</span> <span class='ocrx_word' id='word_1_67' title='bbox 481 1048 495 1086; x_wconf 88' lang='lat' dir='ltr'>s</span> <span class='ocrx_word' id='word_1_68' title='bbox 514 1029 569 1087; x_wconf 88' lang='lat' dir='ltr'>hoe</span> <span class='ocrx_word' id='word_1_69' title='bbox 578 1027 645 1088; x_wconf 89' lang='lat' dir='ltr'>Dcu</span> <span class='ocrx_word' id='word_1_70' title='bbox 654 1027 783 1101; x_wconf 80' lang='lat' dir='ltr'>adscribi,</span> <span class='ocrx_word' id='word_1_71' title='bbox 802 1029 906 1088; x_wconf 82' lang='lat' dir='ltr'>utrius</span> <span class='ocrx_word' id='word_1_72' title='bbox 915 1033 1030 1088; x_wconf 69' lang='lat' dir='ltr'>nusum</span> <span class='ocrx_word' id='word_1_73' title='bbox 1039 1025 1138 1086; x_wconf 85' lang='lat' dir='ltr'>dilatet</span> <span class='ocrx_word' id='word_1_74' title='bbox 1147 1045 1181 1086; x_wconf 88' lang='lat' dir='ltr'>aa</span> <span class='ocrx_word' id='word_1_75' title='bbox 1200 1043 1289 1106; x_wconf 82' lang='lat' dir='ltr'>comp</span> <span class='ocrx_word' id='word_1_76' title='bbox 1301 1046 1327 1086; x_wconf 86' lang='lat' dir='ltr'>a·</span> 
     </span>
    </p>

    <p class='ocr_par' dir='ltr' id='par_1_3' title="bbox 126 1049 1329 1264">
     <span class='ocr_line' id='line_1_11' title="bbox 126 1049 1329 1188; baseline -0.006 -16"><span class='ocrx_word' id='word_1_77' title='bbox 126 1105 129 1110; x_wconf 65' lang='grc'>’</span> <span class='ocrx_word' id='word_1_78' title='bbox 193 1117 251 1172; x_wconf 89' lang='lat' dir='ltr'>net.</span> <span class='ocrx_word' id='word_1_79' title='bbox 290 1107 382 1168; x_wconf 83' lang='lat' dir='ltr'>Huim</span> <span class='ocrx_word' id='word_1_80' title='bbox 406 1049 511 1187; x_wconf 75' lang='lat' dir='ltr'>graiias</span> <span class='ocrx_word' id='word_1_81' title='bbox 535 1108 669 1168; x_wconf 79' lang='lat' dir='ltr'>effectum</span> <span class='ocrx_word' id='word_1_82' title='bbox 693 1105 813 1181; x_wconf 86' lang='lat' dir='ltr'>subiicit,</span> <span class='ocrx_word' id='word_1_83' title='bbox 839 1106 918 1186; x_wconf 85' lang='lat' dir='ltr'>quod</span> <span class='ocrx_word' id='word_1_84' title='bbox 942 1107 1030 1188; x_wconf 88' lang='lat' dir='ltr'>pedes</span> <span class='ocrx_word' id='word_1_85' title='bbox 1049 1105 1095 1166; x_wconf 90' lang='lat' dir='ltr'>sui</span> <span class='ocrx_word' id='word_1_86' title='bbox 1113 1125 1173 1166; x_wconf 87' lang='lat' dir='ltr'>usu</span> <span class='ocrx_word' id='word_1_87' title='bbox 1191 1106 1329 1182; x_wconf 86' lang='lat' dir='ltr'>nutariut,</span> 
     </span>
     <span class='ocr_line' id='line_1_12' title="bbox 194 1185 907 1264; baseline -0.007 -13"><span class='ocrx_word' id='word_1_88' title='bbox 194 1191 251 1251; x_wconf 85' lang='lat' dir='ltr'>hoc</span> <span class='ocrx_word' id='word_1_89' title='bbox 269 1195 322 1264; x_wconf 91' lang='lat' dir='ltr'>est,</span> <span class='ocrx_word' id='word_1_90' title='bbox 341 1187 422 1248; x_wconf 87' lang='lat' dir='ltr'>uulio</span> <span class='ocrx_word' id='word_1_91' title='bbox 442 1187 562 1248; x_wconf 84' lang='lat' dir='ltr'>adverso</span> <span class='ocrx_word' id='word_1_92' title='bbox 583 1205 652 1248; x_wconf 86' lang='lat' dir='ltr'>casu</span> <span class='ocrx_word' id='word_1_93' title='bbox 671 1187 795 1249; x_wconf 82' lang='lat' dir='ltr'>deiectus</span> <span class='ocrx_word' id='word_1_94' title='bbox 813 1185 907 1248; x_wconf 80' lang='lat' dir='ltr'>fuerit</span> 
     </span>
    </p>
   </div>
   <div class='ocr_carea' id='block_1_3' title="bbox 87 1367 1327 1994">
    <p class='ocr_par' dir='ltr' id='par_1_4' title="bbox 192 1367 1327 1674">
     <span class='ocr_line' id='line_1_13' title="bbox 281 1367 1325 1462; baseline -0.003 -23"><span class='ocrx_word' id='word_1_95' title='bbox 281 1371 335 1440; x_wconf 82' lang='grc'>38.</span> <span class='ocrx_word' id='word_1_96' title='bbox 358 1367 533 1462; x_wconf 89' lang='lat' dir='ltr'>Persequar</span> <span class='ocrx_word' id='word_1_97' title='bbox 553 1371 697 1440; x_wconf 90' lang='lat' dir='ltr'>inimicos</span> <span class='ocrx_word' id='word_1_98' title='bbox 718 1393 818 1455; x_wconf 87' lang='lat' dir='ltr'>meos,</span> <span class='ocrx_word' id='word_1_99' title='bbox 841 1379 873 1440; x_wconf 88' lang='lat' dir='ltr'>et</span> <span class='ocrx_word' id='word_1_100' title='bbox 894 1367 1243 1460; x_wconf 85' lang='lat' dir='ltr'>comprehendameos:</span> <span class='ocrx_word' id='word_1_101' title='bbox 1268 1391 1325 1436; x_wconf 86' lang='lat' dir='ltr'>nec</span> 
     </span>
     <span class='ocr_line' id='line_1_14' title="bbox 192 1469 1327 1582; baseline -0.009 -32"><span class='ocrx_word' id='word_1_102' title='bbox 192 1488 332 1550; x_wconf 86' lang='lat' dir='ltr'>revertar</span> <span class='ocrx_word' id='word_1_103' title='bbox 353 1475 455 1548; x_wconf 87' lang='lat' dir='ltr'>donec</span> <span class='ocrx_word' id='word_1_104' title='bbox 476 1469 727 1582; x_wconf 80' lang='lat' dir='ltr'>couspmpserim</span> <span class='ocrx_word' id='word_1_105' title='bbox 750 1501 815 1546; x_wconf 88' lang='lat' dir='ltr'>cos.</span> <span class='ocrx_word' id='word_1_106' title='bbox 861 1477 915 1546; x_wconf 87' lang='grc'>39.</span> <span class='ocrx_word' id='word_1_107' title='bbox 937 1474 1047 1544; x_wconf 69' lang='lat' dir='ltr'>Afflnri</span> <span class='ocrx_word' id='word_1_108' title='bbox 1069 1497 1135 1558; x_wconf 79' lang='lat' dir='ltr'>eos,</span> <span class='ocrx_word' id='word_1_109' title='bbox 1156 1495 1218 1542; x_wconf 89' lang='lat' dir='ltr'>nec</span> <span class='ocrx_word' id='word_1_110' title='bbox 1239 1483 1327 1565; x_wconf 89' lang='lat' dir='ltr'>potu-</span> 
     </span>
     <span class='ocr_line' id='line_1_15' title="bbox 195 1573 1326 1674; baseline -0.005 -20"><span class='ocrx_word' id='word_1_111' title='bbox 195 1595 288 1654; x_wconf 87' lang='lat' dir='ltr'>erunt</span> <span class='ocrx_word' id='word_1_112' title='bbox 326 1605 468 1674; x_wconf 79' lang='lat' dir='ltr'>surgere,</span> <span class='ocrx_word' id='word_1_113' title='bbox 512 1585 690 1651; x_wconf 87' lang='lat' dir='ltr'>cecideruut</span> <span class='ocrx_word' id='word_1_114' title='bbox 727 1583 786 1651; x_wconf 90' lang='lat' dir='ltr'>sub</span> <span class='ocrx_word' id='word_1_115' title='bbox 817 1582 949 1674; x_wconf 89' lang='lat' dir='ltr'>pedibus</span> <span class='ocrx_word' id='word_1_116' title='bbox 981 1580 1071 1648; x_wconf 88' lang='lat' dir='ltr'>meis.</span> <span class='ocrx_word' id='word_1_117' title='bbox 1119 1573 1174 1646; x_wconf 78' lang='lat'>40.</span> <span class='ocrx_word' id='word_1_118' title='bbox 1207 1577 1252 1646; x_wconf 86' lang='lat' dir='ltr'>Et</span> <span class='ocrx_word' id='word_1_119' title='bbox 1282 1601 1326 1648; x_wconf 84' lang='lat' dir='ltr'>ae</span> 
     </span>
    </p>

    <p class='ocr_par' dir='ltr' id='par_1_5' title="bbox 87 1680 1323 1994">
     <span class='ocr_line' id='line_1_16' title="bbox 87 1680 1321 1780; baseline -0.007 -19"><span class='ocrx_word' id='word_1_120' title='bbox 87 1735 93 1744; x_wconf 93' lang='lat'>·</span> <span class='ocrx_word' id='word_1_121' title='bbox 193 1689 317 1760; x_wconf 75' lang='lat' dir='ltr'>cinxisti</span> <span class='ocrx_word' id='word_1_122' title='bbox 354 1711 406 1756; x_wconf 91' lang='lat' dir='ltr'>mc</span> <span class='ocrx_word' id='word_1_123' title='bbox 445 1687 648 1756; x_wconf 79' lang='lat' dir='ltr'>fortitudinde</span> <span class='ocrx_word' id='word_1_124' title='bbox 686 1689 725 1756; x_wconf 90' lang='lat' dir='ltr'>ad</span> <span class='ocrx_word' id='word_1_125' title='bbox 763 1680 942 1780; x_wconf 82' lang='lat' dir='ltr'>proclium2&#39;</span> <span class='ocrx_word' id='word_1_126' title='bbox 971 1685 1139 1754; x_wconf 78' lang='lat' dir='ltr'>incurvasti</span> <span class='ocrx_word' id='word_1_127' title='bbox 1178 1684 1321 1752; x_wconf 84' lang='lat' dir='ltr'>inimicus</span> 
     </span>
     <span class='ocr_line' id='line_1_17' title="bbox 141 1787 1323 1868; baseline -0.008 -1"><span class='ocrx_word' id='word_1_128' title='bbox 141 1806 147 1868; x_wconf 81' lang='lat'>1</span> <span class='ocrx_word' id='word_1_129' title='bbox 193 1819 284 1864; x_wconf 89' lang='lat' dir='ltr'>meos</span> <span class='ocrx_word' id='word_1_130' title='bbox 312 1794 426 1862; x_wconf 87' lang='lat' dir='ltr'>subtus</span> <span class='ocrx_word' id='word_1_131' title='bbox 451 1819 513 1864; x_wconf 90' lang='lat' dir='ltr'>me.</span> <span class='ocrx_word' id='word_1_132' title='bbox 563 1787 617 1866; x_wconf 77' lang='lat'>41.</span> <span class='ocrx_word' id='word_1_133' title='bbox 639 1791 683 1862; x_wconf 85' lang='lat' dir='ltr'>Et</span> <span class='ocrx_word' id='word_1_134' title='bbox 708 1793 907 1862; x_wconf 89' lang='lat' dir='ltr'>inimicorum</span> <span class='ocrx_word' id='word_1_135' title='bbox 934 1815 1081 1862; x_wconf 88' lang='lat' dir='ltr'>meorum</span> <span class='ocrx_word' id='word_1_136' title='bbox 1108 1789 1223 1859; x_wconf 87' lang='lat' dir='ltr'>dedisti</span> <span class='ocrx_word' id='word_1_137' title='bbox 1248 1787 1323 1858; x_wconf 83' lang='lat' dir='ltr'>mihi</span> 
     </span>
     <span class='ocr_line' id='line_1_18' title="bbox 95 1899 926 1994; baseline -0.004 -21"><span class='ocrx_word' id='word_1_138' title='bbox 95 1944 97 1951; x_wconf 41' lang='grc' dir='ltr'><strong><em>ι</em></strong></span> <span class='ocrx_word' id='word_1_139' title='bbox 142 1953 147 1974; x_wconf 77' lang='grc'>.</span> <span class='ocrx_word' id='word_1_140' title='bbox 194 1903 366 1985; x_wconf 86' lang='lat' dir='ltr'>cervicem,</span> <span class='ocrx_word' id='word_1_141' title='bbox 388 1911 420 1968; x_wconf 88' lang='lat' dir='ltr'>et</span> <span class='ocrx_word' id='word_1_142' title='bbox 442 1924 551 1971; x_wconf 82' lang='lat' dir='ltr'>osores</span> <span class='ocrx_word' id='word_1_143' title='bbox 573 1923 664 1970; x_wconf 88' lang='lat' dir='ltr'>meus</span> <span class='ocrx_word' id='word_1_144' title='bbox 685 1899 805 1994; x_wconf 86' lang='lat' dir='ltr'>perdidi</span> <span class='ocrx_word' id='word_1_145' title='bbox 827 1899 926 1992; x_wconf 88' lang='lat' dir='ltr'>ipsos.</span> 
     </span>
    </p>
   </div>
   <div class='ocr_carea' id='block_1_4' title="bbox 130 2059 1391 3419">
    <p class='ocr_par' dir='ltr' id='par_1_6' title="bbox 192 2059 1325 2306">
     <span class='ocr_line' id='line_1_19' title="bbox 271 2059 1325 2146; baseline -0.001 -23"><span class='ocrx_word' id='word_1_146' title='bbox 271 2062 305 2124; x_wconf 86' lang='lat' dir='ltr'>ln</span> <span class='ocrx_word' id='word_1_147' title='bbox 330 2061 387 2136; x_wconf 80' lang='lat' dir='ltr'>hoc</span> <span class='ocrx_word' id='word_1_148' title='bbox 406 2069 488 2126; x_wconf 84' lang='lat' dir='ltr'>tutus.</span> <span class='ocrx_word' id='word_1_149' title='bbox 505 2070 548 2124; x_wconf 92' lang='lat' dir='ltr'>est</span> <span class='ocrx_word' id='word_1_150' title='bbox 566 2063 664 2124; x_wconf 83' lang='lat' dir='ltr'>David</span> <span class='ocrx_word' id='word_1_151' title='bbox 688 2071 720 2124; x_wconf 92' lang='lat' dir='ltr'>ut</span> <span class='ocrx_word' id='word_1_152' title='bbox 740 2063 775 2124; x_wconf 88' lang='lat' dir='ltr'>ab</span> <span class='ocrx_word' id='word_1_153' title='bbox 795 2064 900 2126; x_wconf 76' lang='lat' dir='ltr'>effectu</span> <span class='ocrx_word' id='word_1_154' title='bbox 919 2063 1104 2146; x_wconf 70' lang='lat' dir='ltr'>demonstret,</span> <span class='ocrx_word' id='word_1_155' title='bbox 1123 2059 1190 2122; x_wconf 86' lang='lat' dir='ltr'>Dee</span> <span class='ocrx_word' id='word_1_156' title='bbox 1206 2079 1242 2122; x_wconf 89' lang='lat' dir='ltr'>se</span> <span class='ocrx_word' id='word_1_157' title='bbox 1264 2081 1325 2144; x_wconf 89' lang='lat' dir='ltr'>pru·</span> 
     </span>
     <span class='ocr_line' id='line_1_20' title="bbox 192 2143 1324 2228; baseline -0.004 -24"><span class='ocrx_word' id='word_1_158' title='bbox 192 2145 263 2228; x_wconf 87' lang='lat' dir='ltr'>pitin</span> <span class='ocrx_word' id='word_1_159' title='bbox 284 2146 314 2203; x_wconf 91' lang='lat' dir='ltr'>in</span> <span class='ocrx_word' id='word_1_160' title='bbox 333 2143 464 2204; x_wconf 86' lang='lat' dir='ltr'>omuibus</span> <span class='ocrx_word' id='word_1_161' title='bbox 485 2145 610 2204; x_wconf 86' lang='lat' dir='ltr'>victoriis</span> <span class='ocrx_word' id='word_1_162' title='bbox 630 2163 713 2204; x_wconf 88' lang='lat' dir='ltr'>usum</span> <span class='ocrx_word' id='word_1_163' title='bbox 733 2163 818 2205; x_wconf 77' lang='lat' dir='ltr'>csse:</span> <span class='ocrx_word' id='word_1_164' title='bbox 840 2144 918 2204; x_wconf 91' lang='lat' dir='ltr'>uude</span> <span class='ocrx_word' id='word_1_165' title='bbox 937 2145 1078 2224; x_wconf 88' lang='lat' dir='ltr'>sequitur,</span> <span class='ocrx_word' id='word_1_166' title='bbox 1103 2149 1212 2202; x_wconf 90' lang='lat' dir='ltr'>rectam</span> <span class='ocrx_word' id='word_1_167' title='bbox 1233 2148 1264 2202; x_wconf 87' lang='lat' dir='ltr'>et</span> <span class='ocrx_word' id='word_1_168' title='bbox 1285 2143 1324 2200; x_wconf 92' lang='lat' dir='ltr'>iu-</span> 
     </span>
     <span class='ocr_line' id='line_1_21' title="bbox 193 2221 1324 2306; baseline -0.003 -21"><span class='ocrx_word' id='word_1_169' title='bbox 193 2231 267 2285; x_wconf 86' lang='lat' dir='ltr'>stam</span> <span class='ocrx_word' id='word_1_170' title='bbox 290 2223 376 2283; x_wconf 83' lang='lat' dir='ltr'>fuisse</span> <span class='ocrx_word' id='word_1_171' title='bbox 396 2227 457 2282; x_wconf 89' lang='lat' dir='ltr'>eius</span> <span class='ocrx_word' id='word_1_172' title='bbox 477 2241 600 2284; x_wconf 87' lang='lat' dir='ltr'>eausam.</span> <span class='ocrx_word' id='word_1_173' title='bbox 631 2221 704 2282; x_wconf 89' lang='lat' dir='ltr'>Nam</span> <span class='ocrx_word' id='word_1_174' title='bbox 724 2226 777 2284; x_wconf 89' lang='lat' dir='ltr'>etsi</span> <span class='ocrx_word' id='word_1_175' title='bbox 796 2225 891 2306; x_wconf 82' lang='lat' dir='ltr'>impiis</span> <span class='ocrx_word' id='word_1_176' title='bbox 910 2243 1027 2304; x_wconf 86' lang='lat' dir='ltr'>quoque</span> <span class='ocrx_word' id='word_1_177' title='bbox 1045 2227 1075 2283; x_wconf 86' lang='lat' dir='ltr'>et</span> <span class='ocrx_word' id='word_1_178' title='bbox 1094 2222 1324 2302; x_wconf 70' lang='lat' dir='ltr'>sceleratispre·</span> 
     </span>
    </p>

    <p class='ocr_par' dir='ltr' id='par_1_7' title="bbox 130 2301 1391 3419">
     <span class='ocr_line' id='line_1_22' title="bbox 130 2301 1330 2378; baseline -0.003 -13"><span class='ocrx_word' id='word_1_179' title='bbox 130 2347 133 2365; x_wconf 86' lang='grc'>,</span> <span class='ocrx_word' id='word_1_180' title='bbox 192 2325 206 2364; x_wconf 92' lang='lat' dir='ltr'>s</span> <span class='ocrx_word' id='word_1_181' title='bbox 227 2323 290 2364; x_wconf 89' lang='lat' dir='ltr'>eros</span> <span class='ocrx_word' id='word_1_182' title='bbox 315 2321 462 2363; x_wconf 78' lang='lat' dir='ltr'>successus</span> <span class='ocrx_word' id='word_1_183' title='bbox 484 2303 627 2364; x_wconf 85' lang='lat' dir='ltr'>interdum</span> <span class='ocrx_word' id='word_1_184' title='bbox 647 2301 729 2363; x_wconf 85' lang='lat' dir='ltr'>Deus</span> <span class='ocrx_word' id='word_1_185' title='bbox 748 2303 892 2378; x_wconf 81' lang='lat' dir='ltr'>concedit,</span> <span class='ocrx_word' id='word_1_186' title='bbox 915 2306 996 2364; x_wconf 78' lang='lat' dir='ltr'>exitu</span> <span class='ocrx_word' id='word_1_187' title='bbox 1015 2309 1110 2364; x_wconf 87' lang='lat' dir='ltr'>temen</span> <span class='ocrx_word' id='word_1_188' title='bbox 1129 2301 1272 2376; x_wconf 84' lang='lat' dir='ltr'>ostendit,</span> <span class='ocrx_word' id='word_1_189' title='bbox 1297 2321 1330 2362; x_wconf 90' lang='lat' dir='ltr'>se</span> 
     </span>
     <span class='ocr_line' id='line_1_23' title="bbox 193 2382 1325 2464; baseline -0.004 -20"><span class='ocrx_word' id='word_1_190' title='bbox 193 2385 247 2444; x_wconf 87' lang='lat' dir='ltr'>‘lis</span> <span class='ocrx_word' id='word_1_191' title='bbox 271 2383 422 2448; x_wconf 84' lang='lat' dir='ltr'>adversum</span> <span class='ocrx_word' id='word_1_192' title='bbox 441 2382 528 2444; x_wconf 84' lang='lat' dir='ltr'>fuisse</span> <span class='ocrx_word' id='word_1_193' title='bbox 548 2390 576 2444; x_wconf 89' lang='lat' dir='ltr'>et</span> <span class='ocrx_word' id='word_1_194' title='bbox 595 2383 744 2444; x_wconf 87' lang='lat' dir='ltr'>infensum.</span> <span class='ocrx_word' id='word_1_195' title='bbox 784 2383 872 2464; x_wconf 82' lang='lat' dir='ltr'>Signa</span> <span class='ocrx_word' id='word_1_196' title='bbox 892 2389 987 2444; x_wconf 83' lang='lat' dir='ltr'>autem</span> <span class='ocrx_word' id='word_1_197' title='bbox 1006 2383 1113 2444; x_wconf 79' lang='lat' dir='ltr'>favoris</span> <span class='ocrx_word' id='word_1_198' title='bbox 1133 2382 1227 2462; x_wconf 77' lang='lat' dir='ltr'>qualia</span> <span class='ocrx_word' id='word_1_199' title='bbox 1247 2388 1325 2462; x_wconf 87' lang='lat' dir='ltr'>patc-</span> 
     </span>
     <span class='ocr_line' id='line_1_24' title="bbox 191 2460 1325 2544; baseline -0.005 -19"><span class='ocrx_word' id='word_1_200' title='bbox 191 2465 260 2526; x_wconf 83' lang='lat' dir='ltr'>iecit</span> <span class='ocrx_word' id='word_1_201' title='bbox 283 2483 350 2544; x_wconf 73' lang='lat' dir='ltr'>erga</span> <span class='ocrx_word' id='word_1_202' title='bbox 369 2460 525 2538; x_wconf 81' lang='lat' dir='ltr'>Davidem,</span> <span class='ocrx_word' id='word_1_203' title='bbox 548 2463 602 2524; x_wconf 88' lang='lat' dir='ltr'>soli</span> <span class='ocrx_word' id='word_1_204' title='bbox 625 2465 685 2524; x_wconf 88' lang='lat' dir='ltr'>eius</span> <span class='ocrx_word' id='word_1_205' title='bbox 705 2467 779 2524; x_wconf 79' lang='lat' dir='ltr'>servi</span> <span class='ocrx_word' id='word_1_206' title='bbox 798 2465 937 2536; x_wconf 77' lang='lat' dir='ltr'>sentiunt:</span> <span class='ocrx_word' id='word_1_207' title='bbox 963 2469 997 2523; x_wconf 87' lang='lat' dir='ltr'>ut</span> <span class='ocrx_word' id='word_1_208' title='bbox 1021 2463 1078 2522; x_wconf 88' lang='lat' dir='ltr'>hoc</span> <span class='ocrx_word' id='word_1_209' title='bbox 1096 2461 1184 2522; x_wconf 83' lang='lat' dir='ltr'>modu</span> <span class='ocrx_word' id='word_1_210' title='bbox 1203 2467 1325 2521; x_wconf 76' lang='lat' dir='ltr'>testetur</span> 
     </span>
     <span class='ocr_line' id='line_1_25' title="bbox 190 2541 1325 2683; baseline -0.003 -79"><span class='ocrx_word' id='word_1_211' title='bbox 190 2563 242 2606; x_wconf 86' lang='lat' dir='ltr'>cos</span> <span class='ocrx_word' id='word_1_212' title='bbox 261 2543 313 2604; x_wconf 88' lang='lat' dir='ltr'>sibi</span> <span class='ocrx_word' id='word_1_213' title='bbox 333 2541 447 2624; x_wconf 88' lang='lat' dir='ltr'>probari</span> <span class='ocrx_word' id='word_1_214' title='bbox 466 2543 608 2624; x_wconf 81' lang='lat' dir='ltr'>et¹gratos</span> <span class='ocrx_word' id='word_1_215' title='bbox 626 2563 696 2604; x_wconf 87' lang='lat' dir='ltr'>csse.</span> <span class='ocrx_word' id='word_1_216' title='bbox 735 2541 913 2683; x_wconf 66' lang='lat' dir='ltr'>&#39;Quaupuam</span> <span class='ocrx_word' id='word_1_217' title='bbox 938 2550 1034 2604; x_wconf 85' lang='lat' dir='ltr'>sutem</span> <span class='ocrx_word' id='word_1_218' title='bbox 1056 2543 1177 2602; x_wconf 88' lang='lat' dir='ltr'>nimium</span> <span class='ocrx_word' id='word_1_219' title='bbox 1197 2541 1325 2600; x_wconf 84' lang='lat' dir='ltr'>militari·</span> 
     </span>
     <span class='ocr_line' id='line_1_26' title="bbox 189 2619 1324 2703; baseline -0.004 -19"><span class='ocrx_word' id='word_1_220' title='bbox 189 2630 235 2684; x_wconf 92' lang='lat' dir='ltr'>ter</span> <span class='ocrx_word' id='word_1_221' title='bbox 253 2622 364 2682; x_wconf 82' lang='lat' dir='ltr'>videtur</span> <span class='ocrx_word' id='word_1_222' title='bbox 383 2623 476 2702; x_wconf 84' lang='lat' dir='ltr'>loqui,</span> <span class='ocrx_word' id='word_1_223' title='bbox 498 2623 567 2682; x_wconf 91' lang='lat' dir='ltr'>dum</span> <span class='ocrx_word' id='word_1_224' title='bbox 589 2624 759 2703; x_wconf 78' lang='lat' dir='ltr'>pronunciat</span> <span class='ocrx_word' id='word_1_225' title='bbox 777 2643 808 2682; x_wconf 89' lang='lat' dir='ltr'>se</span> <span class='ocrx_word' id='word_1_226' title='bbox 849 2643 914 2684; x_wconf 85' lang='lat' dir='ltr'>uem</span> <span class='ocrx_word' id='word_1_227' title='bbox 939 2621 1071 2684; x_wconf 88' lang='lat' dir='ltr'>caedibus</span> <span class='ocrx_word' id='word_1_228' title='bbox 1090 2641 1149 2681; x_wconf 88' lang='lat' dir='ltr'>uun</span> <span class='ocrx_word' id='word_1_229' title='bbox 1168 2619 1324 2692; x_wconf 82' lang='lat' dir='ltr'>iacturum,</span> 
     </span>
     <span class='ocr_line' id='line_1_27' title="bbox 190 2699 1391 2782; baseline -0.003 -19"><span class='ocrx_word' id='word_1_230' title='bbox 190 2705 246 2764; x_wconf 91' lang='lat' dir='ltr'>uisi</span> <span class='ocrx_word' id='word_1_231' title='bbox 265 2701 394 2761; x_wconf 86' lang='lat' dir='ltr'>omnibus</span> <span class='ocrx_word' id='word_1_232' title='bbox 414 2701 543 2761; x_wconf 86' lang='lat' dir='ltr'>hostibus</span> <span class='ocrx_word' id='word_1_233' title='bbox 562 2705 750 2782; x_wconf 74' lang='lat' dir='ltr'>coassumptiss</span> <span class='ocrx_word' id='word_1_234' title='bbox 769 2704 827 2762; x_wconf 91' lang='lat' dir='ltr'>imo</span> <span class='ocrx_word' id='word_1_235' title='bbox 847 2702 960 2763; x_wconf 84' lang='lat' dir='ltr'>videtur</span> <span class='ocrx_word' id='word_1_236' title='bbox 979 2700 1227 2776; x_wconf 66' lang='lat' dir='ltr'>mansuetudinem</span> <span class='ocrx_word' id='word_1_237' title='bbox 1245 2699 1326 2760; x_wconf 85' lang='lat' dir='ltr'>iliam</span> <span class='ocrx_word' id='word_1_238' title='bbox 1390 2737 1391 2742; x_wconf 23' lang='grc' dir='ltr'><strong><em>κ</em></strong></span> 
     </span>
     <span class='ocr_line' id='line_1_28' title="bbox 190 2779 1326 2861; baseline -0.004 -18"><span class='ocrx_word' id='word_1_239' title='bbox 190 2781 329 2856; x_wconf 83' lang='lat' dir='ltr'>oblivisci,</span> <span class='ocrx_word' id='word_1_240' title='bbox 348 2799 422 2861; x_wconf 85' lang='lat' dir='ltr'>quae</span> <span class='ocrx_word' id='word_1_241' title='bbox 441 2781 535 2842; x_wconf 85' lang='lat' dir='ltr'>lucere</span> <span class='ocrx_word' id='word_1_242' title='bbox 555 2782 638 2842; x_wconf 84' lang='lat' dir='ltr'>debet</span> <span class='ocrx_word' id='word_1_243' title='bbox 657 2785 686 2842; x_wconf 92' lang='lat' dir='ltr'>in</span> <span class='ocrx_word' id='word_1_244' title='bbox 705 2785 814 2851; x_wconf 83' lang='lat' dir='ltr'>cunctis</span> <span class='ocrx_word' id='word_1_245' title='bbox 833 2781 973 2856; x_wconf 79' lang='lat' dir='ltr'>fidelibus,</span> <span class='ocrx_word' id='word_1_246' title='bbox 992 2788 1025 2842; x_wconf 90' lang='lat' dir='ltr'>ut</span> <span class='ocrx_word' id='word_1_247' title='bbox 1040 2779 1155 2840; x_wconf 88' lang='lat' dir='ltr'>Patrem</span> <span class='ocrx_word' id='word_1_248' title='bbox 1170 2779 1326 2840; x_wconf 80' lang='lat' dir='ltr'>metestem</span> 
     </span>
     <span class='ocr_line' id='line_1_29' title="bbox 191 2857 1325 2944; baseline -0.004 -22"><span class='ocrx_word' id='word_1_249' title='bbox 191 2863 330 2922; x_wconf 85' lang='lat' dir='ltr'>reieraut:</span> <span class='ocrx_word' id='word_1_250' title='bbox 355 2864 423 2942; x_wconf 88' lang='lat' dir='ltr'>quia</span> <span class='ocrx_word' id='word_1_251' title='bbox 447 2868 542 2921; x_wconf 84' lang='lat' dir='ltr'>tamen</span> <span class='ocrx_word' id='word_1_252' title='bbox 561 2862 633 2944; x_wconf 83' lang='lat' dir='ltr'>pihii</span> <span class='ocrx_word' id='word_1_253' title='bbox 652 2863 780 2923; x_wconf 67' lang='lat' dir='ltr'>enabat</span> <span class='ocrx_word' id='word_1_254' title='bbox 799 2871 911 2942; x_wconf 86' lang='lat' dir='ltr'>praeter</span> <span class='ocrx_word' id='word_1_255' title='bbox 930 2861 987 2922; x_wconf 90' lang='lat' dir='ltr'>Dei</span> <span class='ocrx_word' id='word_1_256' title='bbox 1005 2861 1184 2933; x_wconf 86' lang='lat' dir='ltr'>mandatum,</span> <span class='ocrx_word' id='word_1_257' title='bbox 1208 2866 1240 2920; x_wconf 86' lang='lat' dir='ltr'>st</span> <span class='ocrx_word' id='word_1_258' title='bbox 1259 2857 1325 2940; x_wconf 85' lang='lat' dir='ltr'>Spi-</span> 
     </span>
     <span class='ocr_line' id='line_1_30' title="bbox 189 2938 1325 3022; baseline -0.004 -20"><span class='ocrx_word' id='word_1_259' title='bbox 189 2944 262 3002; x_wconf 83' lang='lat' dir='ltr'>ritus</span> <span class='ocrx_word' id='word_1_260' title='bbox 286 2941 346 3002; x_wconf 87' lang='lat' dir='ltr'>eius</span> <span class='ocrx_word' id='word_1_261' title='bbox 371 2941 452 3000; x_wconf 80' lang='lat' dir='ltr'>freno</span> <span class='ocrx_word' id='word_1_262' title='bbox 477 2942 596 3001; x_wconf 81' lang='lat' dir='ltr'>affectus</span> <span class='ocrx_word' id='word_1_263' title='bbox 621 2961 688 3002; x_wconf 85' lang='lat' dir='ltr'>suos</span> <span class='ocrx_word' id='word_1_264' title='bbox 708 2941 835 3022; x_wconf 73' lang='lat' dir='ltr'>regebat,</span> <span class='ocrx_word' id='word_1_265' title='bbox 859 2945 982 3002; x_wconf 89' lang='lat' dir='ltr'>sciamus</span> <span class='ocrx_word' id='word_1_266' title='bbox 1002 2941 1131 3000; x_wconf 85' lang='lat' dir='ltr'>hasnon</span> <span class='ocrx_word' id='word_1_267' title='bbox 1149 2957 1213 2999; x_wconf 89' lang='lat' dir='ltr'>esse</span> <span class='ocrx_word' id='word_1_268' title='bbox 1231 2938 1325 2998; x_wconf 80' lang='lat' dir='ltr'>hurni-</span> 
     </span>
     <span class='ocr_line' id='line_1_31' title="bbox 188 3017 1324 3180; baseline -0.006 -21"><span class='ocrx_word' id='word_1_269' title='bbox 188 3021 666 3180; x_wconf 61' lang='lat' dir='ltr'>tizsstttis‘ittttitt</span> <span class='ocrx_word' id='word_1_270' title='bbox 685 3017 1324 3168; x_wconf 39' lang='lat' dir='ltr'>ttsidsidtitt&#39;fftiffist</span> 
     </span>
     <span class='ocr_line' id='line_1_32' title="bbox 188 3176 1324 3262; baseline 0 -24"><span class='ocrx_word' id='word_1_271' title='bbox 188 3181 289 3238; x_wconf 87' lang='lat' dir='ltr'>tudine</span> <span class='ocrx_word' id='word_1_272' title='bbox 314 3177 401 3262; x_wconf 75' lang='lat' dir='ltr'>inisse</span> <span class='ocrx_word' id='word_1_273' title='bbox 421 3179 593 3260; x_wconf 86' lang='lat' dir='ltr'>praeditum,</span> <span class='ocrx_word' id='word_1_274' title='bbox 620 3187 652 3239; x_wconf 87' lang='lat' dir='ltr'>ut</span> <span class='ocrx_word' id='word_1_275' title='bbox 675 3181 722 3238; x_wconf 84' lang='lat' dir='ltr'>vel</span> <span class='ocrx_word' id='word_1_276' title='bbox 745 3185 864 3258; x_wconf 81' lang='lat' dir='ltr'>agutta</span> <span class='ocrx_word' id='word_1_277' title='bbox 889 3181 1032 3260; x_wconf 78' lang='lat' dir='ltr'>sauguinis</span> <span class='ocrx_word' id='word_1_278' title='bbox 1056 3177 1199 3239; x_wconf 78' lang='lat' dir='ltr'>fundenda</span> <span class='ocrx_word' id='word_1_279' title='bbox 1218 3176 1324 3238; x_wconf 80' lang='lat' dir='ltr'>abhor-</span> 
     </span>
     <span class='ocr_line' id='line_1_33' title="bbox 188 3257 1325 3340; baseline -0.002 -22"><span class='ocrx_word' id='word_1_280' title='bbox 188 3260 292 3330; x_wconf 79' lang='lat' dir='ltr'>ruerit,</span> <span class='ocrx_word' id='word_1_281' title='bbox 310 3259 365 3317; x_wconf 90' lang='lat' dir='ltr'>uisi</span> <span class='ocrx_word' id='word_1_282' title='bbox 385 3265 523 3336; x_wconf 86' lang='lat' dir='ltr'>quatenus</span> <span class='ocrx_word' id='word_1_283' title='bbox 541 3258 650 3320; x_wconf 80' lang='lat' dir='ltr'>ferebat</span> <span class='ocrx_word' id='word_1_284' title='bbox 668 3258 754 3318; x_wconf 84' lang='lat' dir='ltr'>efficii</span> <span class='ocrx_word' id='word_1_285' title='bbox 773 3260 848 3319; x_wconf 88' lang='lat' dir='ltr'>ratio</span> <span class='ocrx_word' id='word_1_286' title='bbox 867 3267 897 3320; x_wconf 87' lang='lat' dir='ltr'>et</span> <span class='ocrx_word' id='word_1_287' title='bbox 915 3261 1076 3320; x_wconf 85' lang='lat' dir='ltr'>necessitas.</span> <span class='ocrx_word' id='word_1_288' title='bbox 1100 3257 1178 3340; x_wconf 77' lang='lat' dir='ltr'>Ergo</span> <span class='ocrx_word' id='word_1_289' title='bbox 1197 3257 1325 3318; x_wconf 84' lang='lat' dir='ltr'>tenenda</span> 
     </span>
     <span class='ocr_line' id='line_1_34' title="bbox 189 3336 1324 3419; baseline 0 -21"><span class='ocrx_word' id='word_1_290' title='bbox 189 3345 235 3398; x_wconf 87' lang='lat' dir='ltr'>est</span> <span class='ocrx_word' id='word_1_291' title='bbox 255 3336 373 3396; x_wconf 83' lang='lat' dir='ltr'>Davidis</span> <span class='ocrx_word' id='word_1_292' title='bbox 393 3339 519 3396; x_wconf 79' lang='lat' dir='ltr'>vocatius</span> <span class='ocrx_word' id='word_1_293' title='bbox 545 3337 647 3398; x_wconf 82' lang='lat' dir='ltr'>deiude</span> <span class='ocrx_word' id='word_1_294' title='bbox 666 3357 755 3419; x_wconf 91' lang='lat' dir='ltr'>purus</span> <span class='ocrx_word' id='word_1_295' title='bbox 774 3339 869 3413; x_wconf 78' lang='lat' dir='ltr'>seius,</span> <span class='ocrx_word' id='word_1_296' title='bbox 893 3340 977 3400; x_wconf 83' lang='lat' dir='ltr'>stab</span> <span class='ocrx_word' id='word_1_297' title='bbox 997 3341 1075 3398; x_wconf 89' lang='lat' dir='ltr'>omui</span> <span class='ocrx_word' id='word_1_298' title='bbox 1094 3338 1189 3398; x_wconf 87' lang='lat' dir='ltr'>caruis</span> <span class='ocrx_word' id='word_1_299' title='bbox 1210 3344 1324 3418; x_wconf 87' lang='lat' dir='ltr'>pertur-</span> 
     </span>
    </p>
   </div>
   <div class='ocr_carea' id='block_1_5' title="bbox 190 3415 1324 3558">
    <p class='ocr_par' dir='ltr' id='par_1_8' title="bbox 190 3415 1324 3558">
     <span class='ocr_line' id='line_1_35' title="bbox 190 3415 1324 3558; baseline 0 -82"><span class='ocrx_word' id='word_1_300' title='bbox 190 3417 303 3476; x_wconf 85' lang='lat' dir='ltr'>batione</span> <span class='ocrx_word' id='word_1_301' title='bbox 321 3433 438 3476; x_wconf 81' lang='lat' dir='ltr'>vacaus.</span> <span class='ocrx_word' id='word_1_302' title='bbox 477 3415 641 3477; x_wconf 85' lang='lat' dir='ltr'>Notandum</span> <span class='ocrx_word' id='word_1_303' title='bbox 659 3425 805 3558; x_wconf 67' lang='lat' dir='ltr'>ppppterea</span> <span class='ocrx_word' id='word_1_304' title='bbox 824 3437 853 3478; x_wconf 87' lang='lat' dir='ltr'>es</span> <span class='ocrx_word' id='word_1_305' title='bbox 896 3418 943 3478; x_wconf 89' lang='lat' dir='ltr'>hic</span> <span class='ocrx_word' id='word_1_306' title='bbox 961 3420 1059 3483; x_wconf 86' lang='lat' dir='ltr'>vocari</span> <span class='ocrx_word' id='word_1_307' title='bbox 1077 3418 1175 3478; x_wconf 86' lang='lat' dir='ltr'>hostes</span> <span class='ocrx_word' id='word_1_308' title='bbox 1194 3435 1324 3496; x_wconf 85' lang='lat' dir='ltr'>querum</span> 
     </span>
    </p>
   </div>
   <div class='ocr_carea' id='block_1_6' title="bbox 138 3488 1324 4456">
    <p class='ocr_par' dir='ltr' id='par_1_9' title="bbox 138 3488 1324 3870">
     <span class='ocr_line' id='line_1_36' title="bbox 138 3488 1323 3579; baseline 0 -23"><span class='ocrx_word' id='word_1_309' title='bbox 138 3500 143 3509; x_wconf 78' lang='grc'><strong>“</strong></span> <span class='ocrx_word' id='word_1_310' title='bbox 188 3493 367 3556; x_wconf 87' lang='lat' dir='ltr'>indomabilis</span> <span class='ocrx_word' id='word_1_311' title='bbox 386 3488 539 3576; x_wconf 81' lang='lat' dir='ltr'>pertinacia</span> <span class='ocrx_word' id='word_1_312' title='bbox 557 3497 643 3557; x_wconf 88' lang='lat' dir='ltr'>talem</span> <span class='ocrx_word' id='word_1_313' title='bbox 739 3498 892 3558; x_wconf 85' lang='lat' dir='ltr'>vindictam</span> <span class='ocrx_word' id='word_1_314' title='bbox 910 3499 1087 3579; x_wconf 79' lang='lat' dir='ltr'>provocavit.</span> <span class='ocrx_word' id='word_1_315' title='bbox 1126 3495 1202 3556; x_wconf 87' lang='lat' dir='ltr'>Nam</span> <span class='ocrx_word' id='word_1_316' title='bbox 1221 3503 1323 3576; x_wconf 78' lang='lat' dir='ltr'>quate·</span> 
     </span>
     <span class='ocr_line' id='line_1_37' title="bbox 187 3575 1324 3658; baseline 0.002 -24"><span class='ocrx_word' id='word_1_317' title='bbox 187 3593 244 3635; x_wconf 86' lang='lat' dir='ltr'>nus</span> <span class='ocrx_word' id='word_1_318' title='bbox 269 3575 403 3634; x_wconf 88' lang='lat' dir='ltr'>sustinuit</span> <span class='ocrx_word' id='word_1_319' title='bbox 422 3575 529 3636; x_wconf 85' lang='lat' dir='ltr'>Christi</span> <span class='ocrx_word' id='word_1_320' title='bbox 553 3595 718 3658; x_wconf 82' lang='lat' dir='ltr'>personam,</span> <span class='ocrx_word' id='word_1_321' title='bbox 742 3579 855 3637; x_wconf 89' lang='lat' dir='ltr'>uuuuisi</span> <span class='ocrx_word' id='word_1_322' title='bbox 874 3577 910 3638; x_wconf 90' lang='lat' dir='ltr'>de</span> <span class='ocrx_word' id='word_1_323' title='bbox 934 3577 1081 3638; x_wconf 86' lang='lat' dir='ltr'>obstinatis</span> <span class='ocrx_word' id='word_1_324' title='bbox 1100 3577 1230 3638; x_wconf 67' lang='grc' dir='ltr'>ιιῑᾶωεω</span> <span class='ocrx_word' id='word_1_325' title='bbox 1252 3595 1324 3656; x_wconf 81' lang='lat' dir='ltr'>poe·</span> 
     </span>
     <span class='ocr_line' id='line_1_38' title="bbox 188 3655 1323 3737; baseline 0.004 -25"><span class='ocrx_word' id='word_1_326' title='bbox 188 3673 265 3714; x_wconf 51' lang='lat' dir='ltr'>namt</span> <span class='ocrx_word' id='word_1_327' title='bbox 275 3655 404 3734; x_wconf 84' lang='lat' dir='ltr'>sumpsit,</span> <span class='ocrx_word' id='word_1_328' title='bbox 425 3659 475 3735; x_wconf 90' lang='lat' dir='ltr'>qui</span> <span class='ocrx_word' id='word_1_329' title='bbox 494 3655 618 3716; x_wconf 88' lang='lat' dir='ltr'>humanu</span> <span class='ocrx_word' id='word_1_330' title='bbox 637 3657 801 3737; x_wconf 83' lang='lat' dir='ltr'>impericia</span> <span class='ocrx_word' id='word_1_331' title='bbox 817 3657 945 3722; x_wconf 82' lang='lat' dir='ltr'>ordinem</span> <span class='ocrx_word' id='word_1_332' title='bbox 959 3659 1025 3737; x_wconf 74' lang='lat' dir='ltr'>engi</span> <span class='ocrx_word' id='word_1_333' title='bbox 1037 3677 1097 3718; x_wconf 88' lang='lat' dir='ltr'>uon</span> <span class='ocrx_word' id='word_1_334' title='bbox 1112 3662 1255 3736; x_wconf 79' lang='lat' dir='ltr'>poteraut,</span> <span class='ocrx_word' id='word_1_335' title='bbox 1274 3673 1323 3716; x_wconf 81' lang='lat' dir='ltr'>res</span> 
     </span>
     <span class='ocr_line' id='line_1_39' title="bbox 186 3734 1323 3870; baseline 0.001 -77"><span class='ocrx_word' id='word_1_336' title='bbox 186 3734 350 3870; x_wconf 61' lang='lat' dir='ltr'>⁶³¹⁰¹.,}P⁸⁰</span> <span class='ocrx_word' id='word_1_337' title='bbox 375 3734 642 3832; x_wconf 32' lang='lat' dir='ltr'>demonstratuuihii</span> <span class='ocrx_word' id='word_1_338' title='bbox 666 3737 808 3832; x_wconf 69' lang='lat' dir='ltr'>eimsgis</span> <span class='ocrx_word' id='word_1_339' title='bbox 832 3737 912 3797; x_wconf 86' lang='lat' dir='ltr'>cordi</span> <span class='ocrx_word' id='word_1_340' title='bbox 931 3737 1031 3833; x_wconf 64' lang='lat' dir='ltr'>tuisse,</span> <span class='ocrx_word' id='word_1_341' title='bbox 1061 3755 1153 3831; x_wconf 76' lang='lat' dir='ltr'>quam</span> <span class='ocrx_word' id='word_1_342' title='bbox 1168 3742 1201 3795; x_wconf 83' lang='lat' dir='ltr'>ut</span> <span class='ocrx_word' id='word_1_343' title='bbox 1219 3735 1323 3826; x_wconf 80' lang='lat' dir='ltr'>resipi-</span> 
     </span>
    </p>

    <p class='ocr_par' dir='ltr' id='par_1_10' title="bbox 186 3814 1322 3976">
     <span class='ocr_line' id='line_1_40' title="bbox 186 3814 1322 3976; baseline 0.003 -25"><span class='ocrx_word' id='word_1_344' title='bbox 186 3819 331 3965; x_wconf 63' lang='lat' dir='ltr'>titis?</span> <span class='ocrx_word' id='word_1_345' title='bbox 351 3814 1322 3976; x_wconf 57' lang='lat' dir='ltr'>impis‘&#39;titt‘ztissttdtt&amp;siffis</span> 
     </span>
    </p>

    <p class='ocr_par' dir='ltr' id='par_1_11' title="bbox 185 3969 1322 4456">
     <span class='ocr_line' id='line_1_41' title="bbox 187 3969 1322 4070; baseline 0.004 -40"><span class='ocrx_word' id='word_1_346' title='bbox 187 3978 276 4032; x_wconf 72' lang='lat' dir='ltr'>dunt.</span> <span class='ocrx_word' id='word_1_347' title='bbox 314 3969 434 4032; x_wconf 85' lang='lat' dir='ltr'>Summa</span> <span class='ocrx_word' id='word_1_348' title='bbox 453 3981 506 4048; x_wconf 87' lang='lat' dir='ltr'>est,</span> <span class='ocrx_word' id='word_1_349' title='bbox 526 3973 676 4049; x_wconf 79' lang='lat' dir='ltr'>Davidem,</span> <span class='ocrx_word' id='word_1_350' title='bbox 695 3996 786 4055; x_wconf 90' lang='lat' dir='ltr'>quum</span> <span class='ocrx_word' id='word_1_351' title='bbox 805 3977 939 4038; x_wconf 87' lang='lat' dir='ltr'>militaret</span> <span class='ocrx_word' id='word_1_352' title='bbox 953 3974 1006 4036; x_wconf 88' lang='lat' dir='ltr'>sub</span> <span class='ocrx_word' id='word_1_353' title='bbox 1020 3974 1078 4036; x_wconf 91' lang='lat' dir='ltr'>Dei</span> <span class='ocrx_word' id='word_1_354' title='bbox 1091 3975 1235 4070; x_wconf 60' lang='lat' dir='ltr'>auspiciis,</span> <span class='ocrx_word' id='word_1_355' title='bbox 1253 3973 1322 4034; x_wconf 82' lang='lat' dir='ltr'>Rex</span> 
     </span>
     <span class='ocr_line' id='line_1_42' title="bbox 186 4049 1322 4136; baseline 0.004 -26"><span class='ocrx_word' id='word_1_356' title='bbox 186 4049 223 4110; x_wconf 80' lang='lat' dir='ltr'>ab</span> <span class='ocrx_word' id='word_1_357' title='bbox 243 4051 306 4131; x_wconf 89' lang='lat' dir='ltr'>ipse</span> <span class='ocrx_word' id='word_1_358' title='bbox 324 4051 440 4124; x_wconf 87' lang='lat' dir='ltr'>electus,</span> <span class='ocrx_word' id='word_1_359' title='bbox 459 4061 488 4112; x_wconf 87' lang='lat' dir='ltr'>et</span> <span class='ocrx_word' id='word_1_360' title='bbox 507 4055 577 4112; x_wconf 85' lang='lat' dir='ltr'>nihii</span> <span class='ocrx_word' id='word_1_361' title='bbox 598 4056 652 4114; x_wconf 85' lang='lat' dir='ltr'>uisi</span> <span class='ocrx_word' id='word_1_362' title='bbox 666 4075 705 4115; x_wconf 83' lang='lat' dir='ltr'>ex</span> <span class='ocrx_word' id='word_1_363' title='bbox 719 4057 798 4114; x_wconf 80' lang='lat' dir='ltr'>iussa</span> <span class='ocrx_word' id='word_1_364' title='bbox 812 4057 872 4114; x_wconf 86' lang='lat' dir='ltr'>eius</span> <span class='ocrx_word' id='word_1_365' title='bbox 887 4055 1029 4136; x_wconf 72' lang='lat' dir='ltr'>agendum</span> <span class='ocrx_word' id='word_1_366' title='bbox 1043 4055 1210 4134; x_wconf 75' lang='lat' dir='ltr'>susciptens,</span> <span class='ocrx_word' id='word_1_367' title='bbox 1229 4053 1322 4114; x_wconf 69' lang='lat' dir='ltr'>tuine</span> 
     </span>
     <span class='ocr_line' id='line_1_43' title="bbox 185 4129 1322 4268; baseline 0.004 -81"><span class='ocrx_word' id='word_1_368' title='bbox 185 4147 303 4268; x_wconf 59' lang='lat' dir='ltr'>punppue</span> <span class='ocrx_word' id='word_1_369' title='bbox 321 4129 466 4226; x_wconf 74' lang='lat' dir='ltr'>Divinitus</span> <span class='ocrx_word' id='word_1_370' title='bbox 485 4133 613 4194; x_wconf 88' lang='lat' dir='ltr'>adiutum</span> <span class='ocrx_word' id='word_1_371' title='bbox 632 4141 668 4230; x_wconf 69' lang='lat' dir='ltr'>ut</span> <span class='ocrx_word' id='word_1_372' title='bbox 683 4136 805 4230; x_wconf 78' lang='lat' dir='ltr'>invictus</span> <span class='ocrx_word' id='word_1_373' title='bbox 824 4141 912 4232; x_wconf 74' lang='lat' dir='ltr'>staret</span> <span class='ocrx_word' id='word_1_374' title='bbox 930 4141 1031 4230; x_wconf 77' lang='lat' dir='ltr'>contra</span> <span class='ocrx_word' id='word_1_375' title='bbox 1047 4137 1177 4194; x_wconf 86' lang='lat' dir='ltr'>umuiruu</span> <span class='ocrx_word' id='word_1_376' title='bbox 1190 4133 1322 4194; x_wconf 86' lang='lat' dir='ltr'>hostium</span> 
     </span>
     <span class='ocr_line' id='line_1_44' title="bbox 185 4211 1321 4384; baseline 0.004 -39"><span class='ocrx_word' id='word_1_377' title='bbox 185 4229 242 4382; x_wconf 63' lang='lat' dir='ltr'>io,</span> <span class='ocrx_word' id='word_1_378' title='bbox 256 4217 328 4384; x_wconf 53' lang='lat' dir='ltr'>iiii</span> <span class='ocrx_word' id='word_1_379' title='bbox 341 4211 1321 4372; x_wconf 47' lang='lat' dir='ltr'>sistitisdttttrtttttsttimittit‘tt</span> 
     </span>
     <span class='ocr_line' id='line_1_45' title="bbox 185 4363 1318 4456; baseline 0.005 -30"><span class='ocrx_word' id='word_1_380' title='bbox 185 4363 242 4426; x_wconf 83' lang='lat' dir='ltr'>Des</span> <span class='ocrx_word' id='word_1_381' title='bbox 252 4368 453 4431; x_wconf 78' lang='lat' dir='ltr'>vntutsiretus</span> <span class='ocrx_word' id='word_1_382' title='bbox 462 4373 611 4453; x_wconf 82' lang='lat' dir='ltr'>prostratis</span> <span class='ocrx_word' id='word_1_383' title='bbox 620 4375 678 4433; x_wconf 87' lang='lat' dir='ltr'>suis</span> <span class='ocrx_word' id='word_1_384' title='bbox 688 4371 819 4434; x_wconf 63' lang='lat' dir='ltr'>hesimus</span> <span class='ocrx_word' id='word_1_385' title='bbox 829 4379 956 4456; x_wconf 73' lang='lat' dir='ltr'>emergat</span> <span class='ocrx_word' id='word_1_386' title='bbox 965 4393 1077 4454; x_wconf 82' lang='lat' dir='ltr'>semper</span> <span class='ocrx_word' id='word_1_387' title='bbox 1085 4374 1226 4454; x_wconf 79' lang='lat' dir='ltr'>superior,</span> <span class='ocrx_word' id='word_1_388' title='bbox 1240 4371 1318 4432; x_wconf 82' lang='lat' dir='ltr'>Rex·</span> 
     </span>
    </p>
   </div>
   <div class='ocr_carea' id='block_1_7' title="bbox 0 0 1414 4886">
    <p class='ocr_par' dir='ltr' id='par_1_12' title="bbox 0 0 1414 4886">
     <span class='ocr_line' id='line_1_46' title="bbox 0 0 1414 4886; baseline 0 2"><span class='ocrx_word' id='word_1_389' title='bbox 0 0 1414 4886; x_wconf 95' lang='lat' dir='ltr'> </span> 
     </span>
    </p>
   </div>
  </div>
 </body>
</html>
