2804 4890
472 289 709 386 re'eeeeq.
736 309 846 352 xxxiv.
1127 299 1218 374 ,259

157 479 212 552 16.
244 477 340 550 Oculi
362 475 500 551 iehovee
522 483 757 572 anper-iustos,
777 495 813 554 et
834 508 927 555 auree
950 486 1020 567 eine
1041 487 1082 556 ed
1097 488 1215 561 'elemo-
1291 537 1319 576 ,ι

61 609 133 654 rem
157 605 284 654 eorunt.
341 587 394 674 17.
418 586 534 655 Vuitue
556 586 694 656 iebovee
721 611 817 680 euper
845 591 993 659 facientes
1020 593 1156 678 maium,
1180 605 1215 663 et

62 691 171 760 deleat
194 715 213 760 e
236 701 318 759 terre
339 691 528 760 memoriam
551 715 680 790 eorum,
720 696 771 764 18.
794 695 1027 784 Clamaverunt,
1049 709 1082 768 et
1095 699 1212 770 lehova

60 797 198 884 audivit,
219 807 253 866 et
274 821 317 866 ex
339 797 488 868 omnibus
510 798 662 890 angustiis
683 823 797 870 eorum
818 801 960 872 liberavit
982 826 1048 872 eoe.

143 991 196 1054 tit
224 989 314 1053 Genii
331 989 467 1050 retem.
514 985 594 1048 Heee
615 989 723 1071 optime
742 989 895 1071 petientiea
912 990 1036 1068 fuitum,
1060 991 1129 1054 dum
1149 1013 1211 1076 per·

58 1069 284 1141 euaeieumue,
313 1087 367 1126 noe
392 1085 409 1127 e
432 1065 498 1130 Deo
522 1069 640 1148 reepieie
669 1077 755 1150 eique
780 1077 814 1129 ut
838 1074 961 1152 quisque
984 1091 1015 1132 ee
1038 1073 1069 1133 iu
1093 1077 1163 1134 reeii
1181 1081 1213 1136 ei
1305 1100 1309 1120 ⁶

56 1147 219 1227 aequitatis
242 1147 337 1205 studio
356 1147 497 1218 eontinet,
518 1148 594 1210 illiue
614 1144 755 1229 praeeidid
773 1155 869 1213 tutum
894 1157 922 1210 ei
941 1149 1114 1212 incolumem
1139 1153 1210 1214 fore.

56 1225 143 1306 Ergo
163 1247 203 1287 ne
223 1225 322 1286 fideiee
341 1226 568 1287 mundi'libidini
587 1245 619 1288 ee
638 1229 784 1309 expoeiioe
811 1247 873 1289 eeee
896 1236 1011 1311 putent,
1036 1231 1105 1292 dum
1129 1233 1210 1294 inno·

58 1308 178 1368 eentiee
197 1305 268 1386 dant
287 1322 418 1386 operam.
442 1311 530 1388 utque
553 1306 602 1367 bie
623 1310 828 1370 metue·e·vie
847 1327 897 1370 eoe
916 1309 1051 1370 ebdueei=
1082 1311 1212 1372 horietur

58 1385 165 1446 David
186 1391 220 1445 nt
240 1393 350 1446 mentes
375 1385 502 1446 reserent
527 1375 562 1445 ed
584 1385 639 1448 Dei
665 1389 887 1526 providentium:
917 1407 970 1450 nee
994 1389 1126 1450 dubitent
1149 1393 1209 1450 eine

59 1468 116 1562 eiie
148 1485 183 1526 ee
212 1465 333 1546 protegi.
384 1463 463 1524 Dieit
479 1472 589 1562 'eutem
606 1484 672 1563 ¹oen
685 1487 717 1527 oe
742 1465 798 1528 Dei
828 1470 952 1528 intentos
982 1469 1018 1530 ed
1048 1469 1208 1530 custodiam

58 1544 1209 1706 ttittmuttittti,ti‘tttttttttttiststtitt

59 1705 200 1765 mundun.
241 1702 315 1763 Nem
336 1721 418 1764 turea
436 1702 494 1763 Dei
512 1703 549 1763 ed
569 1704 723 1765 clamorem
742 1713 855 1786 apertae
874 1723 935 1766 eoae
947 1707 1056 1780 dioene,
1074 1709 1209 1770 admonet

59 1786 122 1845 bne
142 1791 339 1880 opperientem
359 1799 422 1844 eeee
440 1783 598 1843 remedium
617 1784 800 1844 iu‘omnibde
820 1788 976 1858 aerumnis,
995 1793 1029 1846 nt
1048 1785 1146 1854 Deum
1165 1787 1208 1846 ui-

58 1873 160 1924 torem
184 1864 321 1944 rmpioret
344 1864 395 1944 qui
419 1869 533 1943 praeter
556 1864 601 1922 iue
625 1870 655 1923 et
668 1865 816 1924 meritum
846 1861 988 1946 affligitur.
1038 1864 1210 1926 Pronuntiet

59 1947 153 2004 etiem
173 1963 210 2002 ex
229 1943 363 2017 adverso,
384 1944 515 2024 quamtis
539 1941 683 2003 interdurn
708 1943 744 2002 ed
764 1943 913 2003 bominum
938 1929 1043 2004 meiere
1068 1943 1149 2005 Dene
1178 1944 1209 2006 in

59 2025 190 2106 speeiem
209 2023 373 2082 connivent:
393 2024 460 2104 quie
484 2031 543 2082 non
567 2023 664 2082 eieiim
683 2038 791 2104 poenae
810 2024 990 2104 exsequitur,
1014 2023 1085 2082 nibil
1111 2031 1207 2098 temen

58 2104 167 2183 fugere
185 2105 246 2162 eiue
265 2109 457 2184 conopeorum.
508 2097 588 2160 Dum
608 2101 761 2175 eoeleraiie,
781 2103 884 2183 inquii,
904 2102 1040 2182 peccandi
1060 2103 1207 2163 endeeiim
1315 2137 1318 2143 ·

58 2184 146 2244 addit
170 2184 339 2263 impunitae,
363 2183 462 2262 vigiiet
482 2179 563 2241 Daue
587 2187 620 2240 ut
643 2183 673 2240 in
698 2181 818 2242 nibilum
843 2183 951 2262 redigat
974 2201 1075 2242 eornm
1100 2203 1206 2258 memo*

58 2266 148 2336 riam,
170 2269 200 2323 et
219 2262 278 2322 ieie
296 2279 407 2343 poenae
482 2280 515 2320 ue
534 2261 667 2320 ooneuitn
687 2263 835 2342 exprimite
856 2263 923 2342 quie
942 2261 1021 2344 impii
1039 2279 1099 2322 non
1119 2263 1206 2323 motio

57 2343 100 2403 ed
120 2342 211 2403 tinem
229 2359 322 2422 neque
341 2343 418 2400 ritae
456 2348 535 2400 eetoe
559 2357 590 2400 ee
615 2339 678 2402 iere
702 2339 864 2416 confidunt,
890 2323 951 2401 aed¹
965 2341 1207 2402 immortafitatem
1255 2355 1260 2374 ‘

105 2443 186 2503 oque
205 2421 258 2481 eibi
277 2421 390 2504 tingunt
408 2422 439 2480 in
458 2420 576 2480 mundo.
616 2418 823 2484 Testimonium
843 2421 900 2481 boc
919 2421 989 2482 eeiie
1007 2422 1207 2481 eeeummodet

59 2443 186 2575 i‘ldirue,
213 2505 241 2562 1.
261 2501 322 2561 Pet.
344 2504 373 2572 3,
393 2503 442 2562 10.
471 2499 507 2558 ed
527 2499 697 2580 mitigandae
717 2507 830 2561 nostroe
850 2501 979 2576 doioree,
1003 2505 1033 2560 ei
1052 2501 1206 2562 sedendum

58 2583 285 2664 impatientiam,
311 2579 422 2660 quoties
448 2579 590 2638 maiomm
615 2582 757 2660 protervia
783 2587 976 2641 irenevereum
1001 2599 1054 2640 noe
1073 2580 1205 2661 impellit:
1228 2639 1231 2655 ,

60 2667 133 2744 quie
155 2661 191 2721 ed
211 2659 436 2721 moderationem
456 2659 623 2720 servendum
643 2659 714 2720 nibil
733 2660 830 2719 utilius
850 2663 896 2720 eet
919 2677 1005 2740 quem
1025 2661 1149 2740 pendere
1169 2659 1205 2719 eb

58 2743 174 2802 euxiiio
192 2741 263 2815 Dei,
289 2747 318 2800 et
338 2739 413 2799 bone
432 2739 605 2799 eoneeientie
625 2737 713 2799 fretos
732 2741 759 2799 ei
779 2739 888 2800 deterre
912 2739 1057 2799 indicium.
1107 2739 1205 2819 Siquis
1317 2765 1329 2790 s

59 2823 188 2900 obiieiei,
209 2821 294 2900 longe
313 2819 393 2903 aliud*
410 2820 533 2900 experiri
553 2817 653 2894 boues,
666 2819 724 2958 Iqui
743 2818 792 2878 din
811 2819 992 2898 multumque
1010 2820 1115 2894 vexeii,
1136 2817 1205 2877 nibii

56 2901 179 2962 tandem
200 2901 298 2961 auxilii
317 2901 456 2961 sentiunt:
476 2895 645 2980 respondeo,
697 2915 763 2958 enm
782 2916 875 2978 neque
893 2899 998 2980 palem,
1017 2915 1111 2978 neque
1131 2914 1204 2958 eern-

58 3003 115 3064 per
133 2981 237 3042 eodem
256 2981 343 3042 modo
363 2979 444 3040 bonie
464 2995 644 3054 eueourrere,
669 2978 718 3038 aed
744 2982 840 3039 temen
865 2979 982 3038 itatem
1004 2996 1084 3037 erare
1103 2995 1204 3037 eorum

57 3065 190 3121 miseriae
211 3069 244 3121 ut
262 3079 312 3120 eoe
331 3079 390 3119 non
409 3061 528 3120 deseret.
568 3057 653 3120 Adde
670 3058 749 3138 qnod
769 3060 854 3118 eiiam
874 3057 972 3138 optimi
985 2997 1044 3116 itai
1062 3056 1203 3138 praesidio

60 3159 94 3200 ee
114 3141 298 3212 defraudent,
325 3141 392 3218 quie
417 3141 467 3198 vix
493 3141 664 3200 centesimae
689 3139 811 3218 quiaque
829 3137 1020 3204 innoeentiem
1040 3139 1112 3196 adeo
1131 3153 1205 3232 pure

59 3221 152 3290 eoiit,
170 3221 241 3298 quin
260 3237 311 3277 ene
332 3217 542 3298 adipe-aliquid
561 3221 629 3280 maii
647 3218 699 3279 eibi
719 3223 851 3278 eoeereui.
902 3213 983 3276 Deus
1002 3222 1098 3276 auiam
1118 3234 1203 3274 ermu·

59 3301 106 3360 lae
127 3298 203 3394 iupei
222 3303 300 3370 enni,
319 3315 357 3357 ne
376 3302 494 3378 peecata
514 3298 543 3354 iu
563 3298 631 3376 ipeie
649 3299 757 3358 redioea
776 3304 872 3378 egeni,
890 3297 986 3356 eieiim
1005 3313 1056 3356 eoe
1074 3297 1203 3376 uestigat,

61 3386 91 3438 et
111 3377 230 3458 quidem
249 3375 347 3436 durine
366 3396 453 3457 quem
473 3375 627 3456 reprobae,
652 3377 754 3457 quibua
778 3377 907 3460 indulget
931 3377 961 3436 in
986 3375 1115 3436 exitium.
1166 3374 1204 3434 Et

58 3465 156 3518 temen
177 3464 325 3536 uteunque
342 3475 388 3515 ree
406 3458 436 3516 in
456 3455 564 3516 mundo
590 3457 741 3536 permistae
764 3459 821 3517 nint
846 3475 881 3517 eo
906 3455 1057 3529 coniuret,
1082 3454 1203 3514 eeniieui

58 3537 143 3618 probi
163 3537 294 3596 homiues
313 3555 372 3596 non
390 3535 495 3596 frustm
514 3553 600 3618 opem
615 3533 672 3595 Dei
691 3541 790 3596 uenire
808 3537 868 3597 vim
886 3542 917 3597 et
935 3536 1050 3596 iniuriae
1070 3533 1123 3594 eibi
1140 3551 1203 3594 eeee
1257 3593 1260 3604 ,
1353 3607 1358 3617 ,

94 3633 240 3676 omreeem.
868 3661 872 3666 .

58 3637 94 3697 P‘
140 3697 192 3758 18.
214 3697 430 3756 Cianum.
470 3693 621 3775 Significat
639 3695 752 3776 quoties
771 3695 894 3755 clement
913 3693 1014 3755 audiri.
1053 3691 1107 3754 Est
1125 3693 1202 3754 enim

58 3777 197 3834 mutinen
217 3775 359 3848 doetrine,
379 3776 445 3852 quia
465 3793 523 3834 non
544 3776 629 3835 reieri
649 3775 718 3855 quid
737 3775 826 3834 eemel
845 3781 894 3834 aut
912 3775 1017 3835 iterum
1037 3772 1145 3833 ieoium
1164 3773 1202 3832 eit

57 3873 74 3912 u
95 3853 179 3928 Deo,
203 3855 254 3912 eed
274 3854 343 3934 quid
363 3860 501 3934 perpetuo
521 3853 613 3915 iuuere
632 3855 731 3914 eoieat.
783 3853 834 3913 Est
854 3861 949 3914 eutem
969 3853 1118 3934 proximae
1138 3871 1200 3910 eene·

55 3936 167 3993 tentiae
187 3931 383 4006 eoufirmetio,
402 3933 451 3992 ubi
471 3933 582 3992 dixerat
601 3953 683 3994 auree
695 3933 750 3993 Dei
766 3941 864 4014 peiere
883 3934 919 3992 ed
938 3933 1093 4008 clamorem
1113 3931 1202 3990 insto-

56 4033 137 4072 rum:
165 4031 201 4073 ee
220 4031 297 4074 nuno
317 4014 422 4074 eiieetu
440 4014 503 4096 ipeo
524 4013 700 4073 demonstret
718 4013 816 4086 Deum
836 4013 953 4074 surdum
972 4031 1033 4074 non
1052 4015 1129 4085 eine,
1149 4008 1198 4068 nbi

54 4101 174 4154 noem-ee
198 4093 390 4174 querimoniae
414 4100 444 4154 et
468 4094 590 4174 gemitur
615 4094 652 4152 ed
675 4111 742 4154 eum
767 4094 929 4156 deserimue.
979 4092 1115 4152 Ceterum
1135 4088 1202 4148 Gie-

54 4174 155 4234 mendi
176 4173 267 4232 verbo
286 4173 429 4246 admonet
449 4174 581 4252 quamvis
595 4171 675 4233 Deua
694 4175 783 4233 iuetoe
810 4179 933 4246 trreeinr,
953 4177 1121 4231 nontamen
1140 4187 1202 4227 eeee

54 4273 72 4313 e
92 4255 183 4314 rebne
203 4253 333 4313 edveueie
352 4255 503 4327 immunes,
522 4253 641 4313 miriiiee
661 4254 736 4312 enim
755 4259 895 4335 temperat
915 4271 998 4311 enum
1017 4251 1047 4310 in
1069 4247 1124 4308 illie
1143 4265 1203 4306 eer-

54 4335 159 4394 rundie
177 4333 363 4416 praesidium,
381 4341 414 4392 nt
439 4333 537 4394 mnitie
557 4333 760 4393 oeriaminibne
780 4343 830 4394 ede
849 4339 988 4398 exerceat
1037 4327 1093 4389 Hie
1117 4329 1202 4388 etiam

52 4434 113 4474 non
135 4413 210 4476 teria
238 4412 275 4474 ed
301 4413 474 4494 prebendam
500 4413 633 4474 etimniue
657 4411 739 4474 nobie
762 4431 825 4474 eeee
850 4413 946 4490 debet,
971 4409 1050 4494 quod
1071 4407 1202 4471 liberatio

821 4491 884 4556 17·
