2836 4886
179 278 236 340 ⁴88
505 279 510 292 ¹
608 251 893 318 dosnvrnus

116 423 134 442 ‘
150 425 156 438 ·
181 406 260 468 nime
278 401 459 464 duhinm'est
477 397 597 482 intelligi
614 390 785 480 multiplices
803 413 967 460 neruumnss
986 411 1023 474 ee
1036 411 1145 456 sensns
1156 401 1221 469 est,
1236 394 1354 458 nullm

184 485 272 552 luisse
298 481 458 542 afflictionis
482 499 572 561 genus
598 499 656 558 quo
681 497 740 538 nou
764 477 924 539 moerent
948 473 1030 536 Deus
1053 495 1141 538 suem
1170 473 1354 536 nodata
1389 533 1390 550 ,

186 563 270 626 Sicut
293 569 389 621 autern
414 560 472 620 duo
498 559 568 620 haee
593 559 733 620 elementa
756 555 794 616 ed
813 556 967 616 fovendam
986 555 1112 618 hominis
1133 557 1240 616 vitam
1263 555 1356 636 pluri·
1389 593 1390 630 4

185 661 268 706 mum
291 641 401 714 volent,
425 641 467 699 ita
485 655 583 698 rursus
603 635 640 698 sd
659 635 890 731 extidpuendam.
931 633 1095 696 Notandum
1118 643 1230 696 autem
1256 637 1356 716 primo

186 729 240 796 est,
261 719 340 802 quod
358 717 519 801 Propheta,
539 735 724 812 quoscunque
743 717 859 778 miuriss
879 733 1031 798 perpessus
1049 723 1114 776 orat
1134 715 1285 797 populns
1307 715 1355 774 ho

188 803 276 862 stium
301 799 434 872 saevitia,
459 815 512 879 pro
537 797 637 878 poenis
656 795 791 856 divinitus
810 795 923 856 indictis
942 802 1084 858 montet:
1109 815 1150 856 ne
1171 796 1355 856 estotim

188 881 287 942 fideles
306 897 341 940 eo
361 880 466 958 sopito,
484 875 531 936 vel
551 875 626 936 aliud
646 882 755 954 ugente,
774 882 835 936 tem
853 875 963 936 duriter
981 875 1274 936 miuiswventos.
1303 873 1357 934 Eo

189 961 290 1022 elesino
319 965 415 1020 nutem
443 955 570 1018 conditio
599 956 688 1016 vetuti
717 957 747 1014 in
775 953 894 1050 speculo
923 957 1058 1016 statuitur
1083 954 1133 1016 hie
1157 955 1258 1025 nohis
1289 963 1356 1014 mn

192 1039 306 1102 oeulos:
330 1057 368 1098 ue
393 1036 443 1098 ubi
468 1035 618 1114 eontigerit
643 1033 679 1096 ab
704 1033 770 1115 igue
788 1055 818 1094 ru
838 1053 943 1114 nquam
962 1055 1017 1096 uos
1035 1037 1160 1116 raptari,
1190 1041 1226 1095 et
1248 1036 1356 1094 inerat

119 1143 123 1154 ’
190 1117 249 1182 huo
274 1124 304 1178 et
327 1117 409 1192 illue,
434 1116 495 1196 ipsa
520 1115 632 1176 novitas
656 1134 709 1174 uos
728 1115 870 1174 exanimet
892 1115 938 1174 vel
956 1121 1069 1174 terrent.
1110 1119 1204 1186 ΠῚῚἾ
1228 1117 1356 1194 proprie

190 1205 296 1260 terrem
315 1197 449 1276 irriguam
470 1191 617 1274 significet.
637 1191 697 1254 Sed
714 1193 909 1274 metaphorice
929 1194 976 1254 hio
994 1213 1047 1274 pro
1066 1193 1146 1256 laeto
1167 1200 1203 1254 et
1218 1195 1355 1254 iucundo

193 1283 271 1340 statu
291 1277 409 1357 capitur,
429 1275 487 1334 nesi
507 1277 537 1333 in
557 1275 665 1355 eampis
684 1273 812 1334 amoenis
831 1281 861 1334 et
879 1273 1017 1334 tortilibus
1036 1275 1166 1334 sunriter
1186 1281 1224 1334 et
1245 1274 1354 1334 uon

185 1357 261 1418 ⁴liter
283 1361 466 1438 pascerentur
488 1351 597 1412 fideles.
636 1353 756 1414 Summa
776 1361 838 1428 est,
856 1356 989 1434 quamvis
1008 1352 1224 1434 temporalibus
1246 1355 1354 1434 poenis

114 1425 118 1445 '
194 1437 301 1496 duriter
324 1435 443 1514 castiget
461 1451 529 1492 suos
549 1431 645 1506 Deus,
669 1451 784 1514 semper
803 1440 900 1494 tamen
920 1433 988 1492 dare
1007 1451 1182 1514 prosperum
1198 1433 1243 1493 'ct
1264 1434 1353 1496 lm·

165 1531 168 1542 ’
193 1515 281 1577 bilem
299 1517 417 1574 exitum.
449 1512 597 1574 Falluntur
615 1514 692 1574 euim
711 1513 900 1574 meoiudicio
921 1513 1028 1592 quind
1048 1514 1277 1592 possessionem
1299 1521 1354 1572 tu»

76 1661 79 1669 ,
193 1613 243 1656 rao
263 1593 386 1654 Gauanu'
398 1593 583 1673 restringunt:
604 1593 671 1672 quin
690 1590 737 1652 hio
756 1611 815 1652 uon
833 1591 867 1652 tit
885 1598 997 1652 tautum
1011 1593 1126 1654 nrenh'o
1145 1591 1281 1668 deserti,
1301 1593 1353 1652 sed

193 1675 323 1735 omnium
341 1679 506 1752 temporum
524 1686 673 1734 aerumnas
693 1669 797 1756 quihus
813 1669 978 1734 humiliatus
992 1669 1085 1734 lnerst
1099 1673 1251 1754 populus,
1272 1693 1355 1734 oem-

116 1777 128 1798 ·
194 1753 351 1840 prehendit=
364 1749 519 1840 Propheta.

287 1954 340 2022 13.
362 1952 496 2023 Veniam
516 1953 551 2020 iu
572 1951 706 2020 domum
726 1961 815 2020 tuam
826 1975 901 2021 curn
916 1951 1120 2038 holocaustis,
1142 1951 1280 2022 solvam
1297 1953 1349 2020 tr'hi

199 2069 275 2130 vota
297 2083 379 2145 mea,
424 2054 477 2128 14.
500 2057 591 2144 Quae
612 2057 811 2149 protulerunt
831 2058 912 2126 lshia
933 2083 1021 2146 mea,
1049 2069 1082 2128 et
1103 2081 1142 2127 os
1164 2083 1287 2128 meum
1309 2061 1348 2126 lo

201 2175 339 2258 quntum
368 2175 416 2234 ost
441 2165 475 2232 iu
502 2163 669 2232 nlssictioue
690 2188 771 2234 mea.
817 2167 870 2236 15.
892 2162 1085 2234 Holocauste
1106 2165 1285 2257 pinguium
1309 2167 1344 2232 ol

92 2277 98 2290 '
200 2271 301 2340 leram
322 2270 379 2338 tihi
402 2293 476 2338 cum
498 2269 607 2344 suffitu
618 2269 760 2356 eristum,
781 2269 893 2338 luciam
903 2271 1004 2340 hoves
1021 2293 1095 2338 curn
1104 2269 1213 2339 hircis.
1239 2271 1346 2340 Selah.

172 2401 176 2418 ¹
201 2377 255 2444 16.
278 2377 401 2460 Venite,
422 2373 537 2464 audite,
560 2385 594 2444 ot
615 2376 750 2450 narrabo
772 2376 921 2446 omnihus
943 2377 1126 2446 timentibus
1136 2377 1255 2448 Deum
1267 2401 1344 2472 quae

202 2483 310 2556 feceris
331 2482 453 2550 animm
474 2504 580 2600 meuc.R
1180 2476 1188 2486 ‘

152 2662 157 2680 ι
284 2629 331 2690 13.
357 2629 482 2688 Veniam
501 2635 535 2688 tn
554 2629 682 2690 ἆοπιιιπι.
722 2625 899 2709 Quanquam
922 2627 1061 2690 haetenus
1085 2631 1174 2691 totins
1199 2628 1345 2692 Eudoses

204 2725 358 2792 personam
383 2706 517 2767 sustinuit
536 2705 695 2846 Propheta,
719 2709 809 2787 magis
833 2715 929 2768 tamen
953 2708 1112 2790 emphatice
1130 2729 1209 2772 nunc
1228 2730 1269 2771 ex
1288 2713 1345 2792 pri-

206 2794 274 2848 vato
301 2785 388 2846 enimi
413 2788 458 2846 sui
483 2805 568 2846 seusu
603 2787 734 2868 oquitur:
760 2795 789 2848 et
812 2787 1008 2852 vehementius
1027 2789 1155 2870 singulos
1174 2791 1211 2850 ed
1232 2793 1343 2872 pietatis

207 2865 335 2928 officium
353 2866 464 2926 incitat:
485 2867 553 2946 quia
572 2865 621 2926 uhi
641 2867 763 2948 quisque
782 2885 912 2930 seorsum
931 2868 968 2928 sd
987 2870 1091 2948 gratiss
1111 2869 1236 2950 agendos
1256 2870 1344 2950 probe

206 2947 347 3006 animatus
370 2947 438 3020 erit,
462 2945 663 3026 symphoniam
687 2945 806 3006 laudum
824 2947 855 3006 iu
875 2965 1027 3008 commuue
1045 2948 1167 3010 alacrius
1186 2949 1342 3010 meinent.

207 3024 327 3085 Summa
344 3031 404 3100 est,
428 3025 541 3106 indiguo
564 3025 703 3106 supprimi
723 3023 778 3086 Dei
792 3025 912 3106 gloriam
929 3027 1040 3107 quoties
1059 3029 1090 3088 iu
1108 3014 1206 3090 rebus*
1213 3029 1341 3089 adversis

208 3105 291 3166 nohis
315 3106 471 3180 sueeuuit,
494 3105 548 3164 nisi
572 3101 766 3166 lihernh'ouem
785 3114 922 3186 sequntur
940 3107 1063 3168 solennis
1083 3110 1342 3190 gratiarumactio.

210 3183 270 3245 Nec
289 3184 454 3264 simpliciter
473 3184 673 3265 gratitudinem
693 3185 843 3265 promittit·
883 3185 960 3248 Vots
979 3205 1010 3248 se
1028 3189 1060 3248 in
1078 3189 1171 3250 modin
1190 3189 1343 3250 emisione

176 3317 177 3324 ,
208 3282 390 3343 nuncupasse
410 3263 522 3336 dicens,
540 3263 608 3324 fidei
623 3283 692 3324 suae
711 3267 899 3326 constentiam
919 3265 1051 3328 ostendit.
1091 3267 1167 3330 Nota
1187 3277 1232 3330 est
1250 3269 1342 3330 lncohi

209 3343 386 3414 exhortatio,
406 3343 441 3414 5,
461 3345 510 3406 13.
550 3342 622 3403 Oret
646 3343 697 3422 qui
720 3345 833 3425 angitur
856 3365 890 3406 no
915 3347 1003 3407 tristis
1026 3351 1083 3407 este
1149 3351 1156 3366 ⁸
1182 3349 1274 3410 laetus
1292 3355 1344 3428 cst,

113 3463 118 3473 ·
213 3429 305 3482 sanat.
352 3421 450 3481 Pteros
475 3441 511 3481 ue
534 3423 610 3484 enim
634 3423 784 3498 videmus,
802 3425 869 3486 licet
893 3427 923 3486 in
967 3445 1085 3507 rospera
1121 3435 1223 3490 ortuna
1243 3429 1341 3490 hiando

205 3501 287 3562 'dotis
305 3499 436 3560 laudibus
486 3521 552 3562 cum
570 3502 724 3577 mulceant,
742 3503 863 3566 simulne
887 3525 923 3586 pa
955 3525 972 3565 o
997 3505 1096 3568 durius
1121 3517 1272 3588 urgentur,
1296 3499 1339 3568 tet

212 3580 390 3642 tumultuose
416 3588 517 3642 contra
541 3601 607 3642 eum
633 3581 767 3655 fremere,
794 3583 841 3644 vel
866 3583 971 3646 irnotos
995 3593 1126 3668 torpere:
1162 3589 1253 3668 Atqui
1276 3587 1340 3648 heco

211 3679 280 3720 vera
306 3666 351 3718 est
372 3659 489 3795 pietatis
514 3661 660 3741 probatio,
686 3661 709 3720 ei
734 3661 798 3742 quis
823 3665 896 3724 iuter
915 3683 1043 3726 summos
1062 3667 1175 3728 dolores
1195 3668 1231 3730 sd
1250 3667 1338 3728 Deum

212 3737 551 3898 titillet-'ti‘
565 3739 1338 3908 ttlttt³trtt¹¹tt⁰ttttt“tmrttdttttt

212 3907 291 3968 outo,
311 3895 471 3984 siguihoaps
490 3917 637 3977 uunquam
657 3919 687 3960 se
707 3901 745 3960 ita
765 3922 895 3964 moerore
914 3903 1000 3964 luisse
1014 3908 1210 3981 constrictum,
1229 3905 1337 3987 quindi-

214 3984 290 4038 serte
314 3995 413 4058 proces
437 3979 608 4056 concipiens,
633 3977 815 4058 profiteretur
839 4004 870 4044 se
894 3985 924 4044 iu
943 4003 1030 4044 manu
1050 3985 1107 4046 Dei
1126 3987 1247 4053 salutem
1265 4005 1337 4046 sunm

215 4056 369 4136 deponeres
406 4053 453 4114 De
476 4058 552 4115 votis
577 4057 655 4135 quod
681 4059 747 4119 nlihi
771 4061 861 4122 fusius
881 4069 1032 4124 tractatum
1051 4066 1114 4138 luit,
1133 4065 1255 4130 breviter
1267 4085 1339 4147 repo-

216 4135 333 4195 tendum
354 4141 406 4196 est.
448 4133 543 4196 Primo
564 4137 633 4196 nihil
654 4158 781 4217 unquam
801 4149 914 4202 ssuotos
934 4141 1033 4204 Patres
1052 4148 1166 4207 vovisse
1189 4145 1271 4218 Deo,
1290 4146 1338 4206 nisi

216 4213 298 4294 quod
315 4213 342 4272 ei
361 4214 476 4293 probari
495 4217 610 4276 scirent.
631 4215 743 4280 Delude
762 4242 820 4280 non
841 4223 954 4282 vovisse
973 4225 1004 4284 iu
1023 4225 1110 4286 alium
1129 4225 1227 4300 finem,
1244 4227 1293 4286 nisi
1310 4231 1340 4284 ut

217 4291 396 4374 gratitudinis
423 4313 492 4354 suae
517 4297 711 4357 testimonium
736 4301 891 4360 redderent.
932 4300 1031 4378 Quare
1055 4306 1140 4366 nimie
1163 4306 1267 4366 insulso
1284 4305 1338 4364 illo-

217 4391 283 4440 rum
307 4373 472 4458 exeurpluor
498 4375 656 4438 obtendunt
674 4375 807 4460 Papistue
825 4401 883 4442 nou
903 4383 990 4446 modo
1009 4385 1177 4463 temerariis,
1196 4385 1245 4458 sed
1264 4385 1337 4446 otiam
