2836 4886
430 311 440 338 ι
502 275 838 359 tunsarum.
1044 323 1055 342 κ
1128 239 1235 362 Ι’481

75 425 254 488 missionem
272 421 348 484 beati
366 423 486 502 inquam
503 439 604 484 ¹sonans
620 420 669 482 nbi
680 417 797 482 Christo
811 421 969 484 mediatore
987 423 1062 500 freti,
1082 428 1239 488 statuimus

80 505 174 565 illum
189 501 272 562 nobis
287 497 486 576 essel'atrrm,
505 507 631 582 votaque
645 509 744 562 nostm
763 501 800 562 ad
819 522 887 562 enm
907 503 1067 586 dirigimus:
1087 505 1137 566 sed
1159 507 1236 576 unde

2 603 3 606 ’
78 585 162 660 fides
182 591 214 658 et
232 582 393 656 invocatio,
416 581 477 640 nisi
495 581 569 676 quia.
582 589 691 645 namra
704 581 812 642 Quos
830 583 1107 662 gratiaooninnxiti
1146 579 1235 662 Quod

2 685 3 688 ¹
81 681 161 743 ergo
192 659 275 724 nobis
298 679 416 724 manum
439 659 477 718 ad
502 659 609 729 anteros
639 680 731 742 usurae
755 663 908 741 porrigere¹
925 662 1056 743 dignstm
1081 671 1137 738 est,
1168 665 1236 732 binc

108 729 177 823 rop‘
219 743 385 814 mursano
404 746 501 800 autem
520 739 607 819 quod·
619 747 724 820 sponte
740 743 980 820 praevenerim.
1020 741 1097 819 lmo,
1114 747 1235 824 proptia

82 764 199 902 foqneo
221 841 252 896 o,
303 827 437 900 ostqnam
452 838 509 880 nos
528 819 626 900 elegit,
656 839 741 882 sunm
766 840 832 901 erga
856 841 911 882 nos
936 840 1071 902 amorem¹
1084 827 1236 889 vocatione

85 908 226 976 testatur.
291 901 330 968 tsi
351 895 548 963 sicambros
566 918 665 960 semen
684 897 817 962 Abrabae
841 899 894 978 sibi
919 901 949 962 in
962 903 1117 984 ‚peculium
1141 923 1237 983 segre¹

2 987 3 992 ’
87 987 225 1061 gaverat,
250 985 284 1040 ut
308 979 485 1041 circumcisio
509 975 605 1038 locum
623 979 678 1039 iltis
698 977 856 1059 intemplo
871 979 970 1058 ¹aleret:
985 1052 987 1060 A
1000 979 1118 1044 dubium
1139 990 1235 1046 tuanen

2 1065 4 1106 t
87 1081 153 1134 non
174 1066 224 1131 ¹est
247 1059 318 1138 quin
342 1059 494 1138 discrimen
511 1057 636 1138 alicnati
656 1059 732 1122 inter
749 1053 870 1138 ludaeos
894 1061 974 1140 ipsos
998 1067 1106 1122 statuat
1123 1059 1236 1124 David:

2 1151 4 1212 t
89 1140 163 1220 quin
192 1158 287 1218 neque
308 1157 415 1200 ‚omnes
443 1135 596 1218 eflimmter
611 1130 661 1214 ,ad
689 1155 766 1215 aar
805 1147 901 1215 ,verat
923 1127 1019 1216 Dens,
1048 1159 1144 1220 neque
1172 1144 1236 1206 iura

90 1239 196 1282 omnes
220 1218 318 1280 locum
342 1217 374 1278 in
396 1217 505 1298 templo
530 1215 739 1298 occupabant,
755 1158 869 1282 ffidit
892 1215 1009 1306 ‘laidem
1026 1217 1172 1302 Propheta
1197 1219 1235 1286 ad

89 1306 246 1362 externum
255 1295 465 1373 sanctuarium,
485 1291 604 1376 ludaabp¹
620 1297 716 1371 dicens
736 1297 842 1358 electos
862 1317 933 1374 esse¹
952 1307 984 1358 ut
1002 1303 1235 1382 appropinquent

2 1389 4 1428 ;
89 1373 175 1440 Deo:
203 1377 254 1440 sed
278 1379 416 1440 memoria
432 1365 600 1439 ¹tenenaloiu
615 1385 665 1448 ¹est
688 1379 767 1458 quod
791 1373 912 1456 Psalmo
929 1381 978 1452 15,
997 1387 1027 1438 et
1046 1379 1095 1453 24,
1115 1383 1143 1442 3.
1164 1381 1235 1460 viai,
1342 1407 1351 1430 s
1414 1425 1415 1434 ,

2 1499 3 1502 =
88 1451 169 1532 mus,
187 1478 247 1521 non
266 1477 365 1518 omnes
384 1455 525 1537 legitimos
544 1456 632 1518 fuisse
641 1454 784 1524 Ecclesiae
804 1460 879 1518 cives
900 1459 950 1538 qai
969 1457 1070 1539 templi
1089 1459 1235 1540 pavimen.

89 1545 157 1603 tum
176 1535 318 1601 mebant:
344 1537 412 1618 quia
432 1537 585 1617 praecipue
603 1537 759 1616 requiritur
776 1539 835 1598 inte
856 1539 923 1598 ritas
943 1537 1053 1614 cordis,
1073 1545 1107 1606 ¹et
1126 1541 1236 1620 puritas

89 1636 241 1680 mannaim.
279 1615 381 1696 Quare
405 1615 582 1696 propinquos
607 1613 673 1700 Deo
697 1615 759 1676 lieri
783 1617 813 1676 in
854 1618 871 1678 li
892 1637 924 1690 e,
953 1637 1013 1678 non
1043 1619 1093 1698 qui
1117 1625 1235 1699 externa

89 1703 208 1758 tantum
231 1697 327 1792 specie
351 1695 448 1756 locum
472 1693 602 1756 obtinent
624 1695 655 1754 in
678 1696 801 1776 templp,
831 1639 891 1763 serf
905 1698 956 1776 qui
981 1699 1090 1758 sincera
1118 1697 1176 1758 lide
1203 1718 1236 1762 ae

91 1777 220 1838 offerunt
244 1795 275 1837 m
300 1782 487 1854 conspectam
507 1771 572 1834 Dei.
612 1773 674 1836 lam
698 1774 746 1836 hic
765 1777 879 1839 vocatio
903 1775 1069 1856 adiungitur
1088 1777 1236 1841 electionis
1304 1825 1309 1836 r

91 1853 1234 2016 attitulastititillatata⁰5r¹1ttt⁸trt¹ttlttlt

924 1975 933 2006 Ι

93 2013 178 2086 duce,
198 2011 235 2074 ad
255 2013 316 2074 eius
325 2011 527 2073 Sanctnrrium
546 2013 714 2074 accedimus.
734 2012 872 2074 Fructum
892 2013 1071 2076 beatitudinis
1090 2035 1234 2092 commen,-
1342 2023 1345 2030 ’

59 2143 61 2148 .
92 2093 145 2154 dat
164 2084 324 2173 Propheta,
344 2093 441 2169 satiari
461 2091 676 2173 diceustternpli
695 2093 841 2173 opulentia
860 2093 968 2158 fideles.
1007 2093 1081 2162 Nam
1101 2097 1233 2174 quamvis
1293 2165 1296 2172 .

92 2171 231 2232 accedant
249 2171 318 2232 illuc
337 2191 454 2251 quoqne
473 2169 656 2310 hypocritae,
675 2173 759 2236 vacui
778 2179 875 2232 tamen
894 2181 925 2234 et
943 2174 1031 2236 ieiuni
1050 2171 1168 2238 domum
1189 2195 1234 2236 re·

92 2249 192 2330 deant,
212 2257 351 2330 quamm
363 2251 508 2324 ,attineta
547 2247 712 2312 fruitionem
731 2251 922 2332 spiritualium
943 2253 1093 2325 bonorum.
1114 2253 1159 2314 Ac
1178 2274 1232 2324 nn·

91 2329 180 2392 tanda
199 2337 244 2390 sat
263 2349 402 2425 personne
421 2331 552 2405 mutatio,
571 2329 621 2390 ubi
640 2327 737 2394 David
755 2331 792 2394 ad
812 2327 946 2394 fidelium.
958 2351 1110 2394 nnmerum
1130 2351 1163 2394 aa
1183 2353 1232 2414 og·

92 2416 205 2490 gregat:
250 2428 297 2472 ura
315 2411 346 2472 in
364 2411 459 2490 seipso
479 2409 707 2490 experimentum
727 2411 863 2492 proponit
881 2408 1034 2488 satietatis,
1055 2411 1167 2492 alequa
1188 2413 1230 2482 lo:

115 2491 200 2551 uitur.
273 2495 366 2550 terum
385 2489 474 2550 intelli
494 2509 511 2550 e
531 2489 629 2550 satiari
647 2489 745 2552 fideles
764 2498 1077 2569 nonunnmcmecla,
1096 2493 1146 2552 sed
1165 2491 1232 2574 gra*-

94 2511 196 2630 fatim:
216 2569 284 2647 quia
293 2569 348 2628 etsi
357 2510 564 2628 institerimus
573 2565 702 2649 Spiritus
712 2569 757 2630 sui
772 2567 855 2643 dona,
871 2590 943 2632 suos
968 2577 1076 2650 ⁴tanuen.
1090 2580 1232 2653 quatenus

94 2647 163 2708 utile
182 2653 226 2708 cst
244 2647 311 2706 locu
331 2647 409 2719 fetat,
429 2647 522 2708 donec
541 2645 663 2708 adducat
682 2648 720 2708 ad
738 2649 860 2730 solidam
878 2649 1094 2730 perfectionem,
1121 2647 1231 2730 ilerum

94 2735 171 2788 certe
189 2733 234 2788 est
252 2726 284 2786 ill
342 2725 451 2786 Psalmi
472 2729 538 2800 103,
559 2732 600 2790 5.-
627 2725 732 2788 Saliari
750 2719 808 2804 Dei
824 2719 1010 2799 beneficentia
1031 2725 1230 2798 annectendas
1249 2739 1256 2750 “

94 2805 144 2868 sed
164 2807 249 2866 siam
268 2805 426 2868 notandum
467 2805 525 2866 uod
543 2803 610 2866 alibi
630 2807 747 2880 dicitur,
771 2791 860 2888 Aperi
880 2829 918 2870 os
933 2817 1031 2884 tunm,
1056 2799 1086 2870 et
1105 2803 1231 2890 implebo

94 2885 173 2960 illud,
191 2881 296 2946 Psalm.
318 2889 367 2962 81,
386 2891 434 2948 11.
503 2883 620 2966 pcdiunt
639 2893 735 2948 autem
754 2896 869 2948 nostrae
888 2891 1044 2970 angustiae,
1064 2908 1104 2964 ne,
1119 2897 1231 2972 tantam

94 2965 175 3028 nobis
194 2965 306 3046 copiam
326 2963 467 3028 bonorum
487 2967 516 3028 in
536 2971 597 3026 erat
614 2961 711 3046 Dens,
735 2967 786 3028 sed
806 2975 892 3047 prout
911 2971 1057 3047 restrictos
1078 2963 1178 3044 videt,¹
1190 2969 1230 3032 ita

94 3043 290 3106 liberalitatem
309 3065 391 3106 snam
409 3045 446 3105 nd
465 2987 616 3108 modulum
634 3052 765 3108 nostrum
784 3054 964 3127 attemperat.
989 3047 1070 3108 Bnna
1089 3039 1228 3110 sanctori-

94 3127 129 3186 rii
147 3125 291 3195 vocando,
308 3131 428 3186 estona
451 3123 624 3188 adminicula
647 3127 838 3201 commendat,
862 3147 937 3207 quae
956 3143 1011 3195 nos
1029 3125 1066 3188 ad
1086 3125 1228 3188 bonorum

94 3201 257 3266 coelestium
275 3203 439 3268 fruitionem
460 3205 613 3266 deducunt.
632 3199 694 3266 Etsi
713 3207 789 3268 enim
808 3214 922 3287 peterat
936 3205 1004 3271 clins
1016 3203 1095 3268 Deus
1111 3226 1229 3268 uranum

94 3283 209 3346 ecoelo
229 3285 306 3366 porri
327 3305 375 3346 ere
394 3288 484 3346 servis
503 3280 571 3358 suis,
591 3281 683 3346 voluit
701 3292 797 3346 manen
816 3305 869 3367 per
885 3283 969 3366 Legis
990 3287 1157 3370 doctrinam,
1178 3283 1235 3370 pe'r

94 3363 228 3426 sacrificia
246 3371 276 3424 et
294 3307 365 3426 affor
387 3365 474 3441 ritus,
501 3372 676 3446 externaque
699 3366 812 3446 pletatis
836 3365 975 3439 subsidia,
1004 3368 1106 3426 satiare
1131 3360 1254 3430 fideles,

94 3445 212 3506 animas:
242 3445 327 3505 sicuti
350 3443 436 3506 hodie
483 3465 579 3526 noque
604 3463 671 3524 erga
695 3465 749 3506 nos
773 3444 913 3506 similibus
931 3445 1033 3505 mediis
1051 3447 1150 3506 utitur.
1190 3443 1230 3506 Et

95 3543 257 3664 qnanqrpem
284 3525 315 3586 in
343 3525 401 3586 illis
431 3467 584 3588 subsistere
613 3545 673 3586 uon
703 3523 851 3602 convenit,
883 3526 1156 3620 negligere·tamen
1185 3525 1229 3586 fas

92 3623 147 3666 nan
166 3624 218 3664 es.
311 3645 314 3654 ·
671 3635 675 3644 «

148 3687 176 3747 6.
190 3687 349 3746 Terribilia
358 3693 391 3746 tn
400 3693 517 3747 taetitia
535 3687 729 3765 resporsdedia.
750 3684 910 3750 confirmat
919 3685 975 3746 alic
989 3705 1094 3768 genere
1107 3685 1229 3759 durna,

94 3783 148 3825 non
166 3763 277 3826 frustra'
291 3785 322 3826 se
342 3765 441 3826 beatos
462 3783 593 3838 vocasse,
618 3764 722 3846 quibus
742 3763 823 3829 Deus
842 3766 982 3846 templum
1001 3783 1121 3829 suumn
1196 3766 1227 3839 Ἰ,

93 3849 126 3914 ut
143 3844 218 3904 domi
237 3846 298 3906 eius
318 3853 480 3926 pascantur.
499 3843 578 3904 Dicit
597 3851 693 3904 autem
712 3863 917 3925 responsurum
938 3845 1047 3940 popula
1065 3865 1118 3904 suc
1159 3863 1226 3902 eum

95 3921 123 3980 in
141 3924 290 3999 miraculis,
309 3924 355 3984 rel
376 3927 462 4006 signis
482 3923 625 3985 terrificis:
645 3925 702 3984 acsi
722 3925 837 3998 diceret,
858 3921 983 3984 Domine
997 3931 1029 3984 tn
1044 3928 1097 3984 nus
1112 3941 1226 4002 semper

96 4001 234 4076 exaudies,
253 4011 287 4066 nt
306 4005 432 4066 mirificis
451 4003 662 4066 liberationibus
682 4003 801 4084 perinde
814 4006 907 4064 virtus
926 4012 976 4066 tna
996 4002 1121 4084 patefiat,
1140 4008 1228 4082 atque

95 4079 159 4138 olm
187 4081 256 4142 dnm
284 4086 390 4164 egressi
415 4091 482 4146 snut
506 4091 602 4166 patres
626 4086 717 4144 nostri
739 4103 779 4144 ex
804 4081 930 4166 Egyptc.
970 4081 1125 4144 Ecclesiam
1150 4083 1227 4144 enim

95 4177 200 4238 semper
220 4157 300 4220 Deus
320 4183 378 4224 non
398 4161 511 4246 uolgari
530 4164 578 4223 vel
598 4165 742 4224 ordinario
761 4163 865 4240 modo,
889 4161 939 4224 sed
963 4161 1079 4222 terribili
1100 4161 1228 4240 potentia

95 4240 221 4299 samarit.
267 4241 447 4322 litque'hoe
470 4245 588 4326 cognitu
613 4243 668 4303 fuit
691 4243 777 4317 utile,
807 4250 841 4302 nt
864 4243 894 4302 iu
919 4241 1004 4302 rebus
1028 4236 1144 4321 perditis
1167 4259 1227 4300 non

93 4323 184 4380 tamen
210 4318 282 4380 bene
302 4341 416 4400 sperare
434 4325 596 4385 desinerent
615 4321 665 4382 filii
685 4321 751 4382 Dei.
781 4319 874 4382 Porro
894 4321 951 4382 obi·
963 4319 1019 4380 Dei
1039 4319 1160 4382 salutem
1180 4319 1226 4378 lu-

94 4395 163 4458 daeis
183 4397 344 4477 destinarit,
363 4404 449 4464 simul
467 4403 552 4464 addit
564 4421 627 4463 case
645 4421 728 4482 spem
744 4403 959 4464 extremitatum
978 4407 1072 4463 terrac
1087 4399 1226 4482 nsqucatf

25 4513 29 4518 ·
115 4493 252 4540 calcinaria
265 4498 346 4542 Proin.
360 4499 422 4541 Ten.
437 4501 457 4541 t.
710 4509 717 4516 '
868 4485 907 4544 31
1080 4490 1083 4501 ’
