2854 4886
153 311 189 370 05
365 335 366 342 i
582 305 869 350 acaustsus

152 453 261 524 perem
283 426 468 518 attrahendo
480 425 609 508 eumin
631 436 696 494 rete
718 449 824 493 suum.
870 425 921 492 10.
944 423 1067 492 Atleret
1088 447 1133 510 se,
1155 423 1302 494 deiiciesz

152 547 223 606 tum
244 535 348 632 cadet,
369 533 402 602 iu
424 531 655 600 fortitudiudrus
677 531 745 600 cius
766 540 876 622 coctus
891 529 1087 600 afflictorum.

230 750 260 816 7.
279 752 492 812 Ermum
512 769 556 822 os,
578 755 630 808 ele.
651 719 717 807 Huc
725 745 846 806 tendunt
856 751 960 828 quator
979 745 1025 806 isti
1045 763 1155 823 versus,
1174 744 1299 808 siDeus

153 832 242 892 serris
262 831 321 890 suis
340 847 503 890 succurrere
522 827 610 901 velit,
639 845 716 886 nunc
735 833 931 908 opportunum
955 827 1054 887 adesse
1073 833 1201 910 tempust
1222 831 1300 910 qnia

151 911 189 972 ad
218 915 380 972 extremum
409 925 502 987 usque
520 906 832 1000 licentiuenpruruperit
855 907 1010 988 impiorum
1028 907 1151 968 decutio„
1190 905 1298 968 Primo

26 999 32 1020 '
149 991 344 1070 conqueritur,
354 1006 463 1067 „eurum
477 985 588 1067 linguas
603 987 733 1066 penuriis
748 993 776 1046 et
790 985 935 1046 fraudibus
950 985 1068 1047 relectas
1087 1005 1159 1060 esse,
1179 994 1298 1066 gestare
1360 1023 1364 1032 ·

149 1071 198 1131 vel
208 1069 351 1132 occultmc
361 1067 521 1130 molestiam
540 1071 571 1146 et
589 1065 717 1126 iniurias:
739 1061 806 1146 quia
827 1063 899 1125 nihil
917 1085 985 1126 cum
1003 1067 1072 1148 ipsis
1091 1070 1198 1146 negotii
1216 1073 1296 1126 truc-

149 1151 204 1211 tari
234 1155 321 1230 queat
344 1149 399 1208 nisi
429 1165 495 1206 cum
525 1145 638 1204 damno.
670 1121 771 1220 1758,
824 1145 880 1206 uod
909 1145 1138 1206 maledictionem
1163 1153 1297 1222 redunt,

133 1240 208 1291 'nou
228 1235 273 1290 est
291 1226 444 1288 verborum
463 1225 621 1285 exsecratio
641 1221 777 1304 quentin
826 1226 866 1285 'us
885 1230 1048 1306 torqueant,
1067 1225 1116 1285 sed
1126 1227 1223 1306 potius
1244 1227 1297 1285 de·

149 1310 229 1370 votio
250 1321 304 1390 pre
325 1308 360 1366 rii
379 1323 411 1366 ca
433 1306 492 1365 itis:
524 1306 591 1384 quia
615 1323 674 1364 non
694 1299 826 1364 dubitant
843 1303 898 1369 sibi
918 1305 1032 1384 quidvis
1051 1305 1209 1386 imprecari
1228 1323 1296 1385 qno

104 1393 106 1401 ’
149 1389 251 1449 melius
272 1327 544 1464 fallaciamque
569 1403 627 1444 uon
652 1382 727 1442 male
751 1401 768 1443 a
788 1384 958 1464 quibusdam
977 1385 1099 1444 vertitur
1117 1383 1296 1460 periurium,

150 1467 235 1529 debet
254 1468 329 1526 enim
349 1465 406 1524 hoc
424 1483 530 1524 nomen
550 1463 611 1522 aliis
631 1462 742 1522 duobus
761 1465 904 1546 coniungi.
929 1463 1103 1528 Maledicunt
1120 1461 1199 1546 ergo,
1219 1483 1296 1544 qua-

151 1555 236 1617 tenus
257 1546 293 1606 ad
312 1545 502 1605 fraudandum
522 1549 552 1603 et
571 1541 733 1603 nocendum
762 1543 892 1624 expedit:
923 1542 992 1604 biuc
1021 1544 1154 1604 molestie
1178 1550 1208 1604 et
1236 1544 1294 1602 iui-

151 1627 255 1706 quitas,
275 1625 343 1705 quia
357 1625 476 1704 laqueos
491 1640 529 1684 ex
544 1622 627 1696 dolis,
645 1622 785 1703 periuriis,
805 1629 836 1683 et
850 1622 958 1684 militia
973 1629 1133 1698 contextos,
1152 1623 1211 1684 siue
1232 1641 1293 1684 suo

151 1703 334 1766 incommodo
356 1703 497 1783 simplices
516 1701 644 1782 effugere
662 1708 817 1780 nequeunt.

231 1786 258 1848 8.
279 1783 392 1844 Sedebit
411 1783 593 1842 interstitiis.
631 1779 727 1839 Verba
751 1775 845 1840 luiuri'
864 1781 1014 1861 temporis,
1034 1782 1103 1862 quia
1122 1779 1292 1841 continuum

150 1869 247 1924 actum
267 1862 425 1942 designant,
456 1859 587 1920 consulto
607 1859 638 1919 in
657 1859 733 1940 uliud
754 1867 865 1940 tempus
885 1867 997 1919 mutare
1021 1862 1116 1920 nolnir
1150 1861 1217 1941 quia
1240 1860 1294 1920 bic

150 1942 335 2004 Hebraismus
355 1943 384 2001 iu
405 1941 474 2000 alias
494 1957 611 2020 quoque
630 1939 740 2019 linguas
759 1941 894 2000 manavit.
934 1939 1078 2000 Describit
1103 1959 1172 2020 ergo
1193 1938 1294 2000 David

152 2023 221 2104 quid
241 2021 335 2082 lucere
354 2020 465 2080 soleant
483 2019 574 2098 impii.
612 2015 657 2079 Ac
681 2020 775 2098 pulmo
795 2019 920 2157 puidam·
929 2017 1086 2080 latronibus
1106 2039 1157 2080 eos
1175 2039 1294 2100 compa·

152 2109 207 2172 rui,
228 2101 278 2182 qui
296 2103 409 2161 aarum
429 2100 573 2180 angustias
593 2097 732 2170 obsident,
752 2105 782 2158 ct
812 2099 923 2159 atebms
942 2099 994 2158 sibi
1014 2099 1151 2178 deligunt,
1171 2118 1209 2158 cx
1228 2100 1293 2178 qui·

151 2182 206 2242 bus
226 2183 356 2241 incautos
366 2178 498 2238 Viatores
519 2177 740 2258 deprehendant,
759 2175 838 2238 Dicit
857 2181 942 2240 etiam
962 2179 1061 2238 oculos
1080 2197 1180 2238 corum
1199 2180 1293 2238 inten-

113 2277 116 2294 ¹
152 2269 281 2335 tosesse,
301 2259 512 2319 similitudines
528 2258 730 2318 iaculatoribus
741 2266 863 2340 sumpta,
924 2261 1097 2332 ieollimaut‚
1116 2260 1295 2320 semiclausis

154 2341 256 2414 oculis,
276 2346 309 2398 ut
328 2339 432 2398 rectius
451 2337 562 2398 feriant.
582 2337 711 2418 Nequem
731 2355 801 2398 vero
821 2339 868 2399 hic
884 2279 1024 2420 llvulgo
1044 2339 1187 2398 latronum
1197 2357 1294 2399 sermo

154 2427 212 2481 ert:
234 2419 329 2479 sedin
343 2437 462 2498 magnos
472 2417 632 2556 praedones
643 2417 864 2558 stylum-diripit,
884 2419 934 2500 qui
944 2417 997 2480 sub
1007 2417 1171 2480 honorificis
1190 2419 1293 2492 titulis,

155 2517 322 2583 pompaque
342 2505 371 2558 et
390 2498 470 2578 splen
492 2517 542 2558 ore
555 2497 661 2578 flagitia
681 2515 732 2556 sua
752 2517 805 2558 occ
836 2505 907 2560 tani.
930 2497 998 2559 Ideo
1016 2508 1058 2572 nt
1159 2499 1293 2559 nonnulli

157 2585 274 2640 vertum
293 2567 413 2660 palatia:
443 2578 525 2657 quasi
547 2575 646 2638 David
662 2591 724 2637 'eos
752 2597 790 2638 ex
814 2577 971 2740 ἒξῗυίίίοῐε
994 2580 1071 2638 atriis
1095 2579 1228 2658 spoliaria
1251 2578 1295 2638 le-

156 2661 229 2720 cisse
248 2658 333 2732 dicut,
352 2659 381 2717 in
398 2657 502 2738 quibus
517 2657 636 2716 miseros
650 2655 818 2718 homiuesin
870 2665 926 2718 ent.
950 2657 1012 2740 Ego
1035 2677 1106 2716 vero
1127 2665 1160 2718 ut
1178 2657 1296 2718 allusio·

155 2757 222 2800 uem
247 2755 309 2798 esse
334 2737 502 2813 concedam,
531 2737 700 2797 continuum
723 2742 820 2798 tumen
850 2738 1039 2797 similitudinis
1062 2737 1145 2798 iilum
1168 2741 1295 2798 retineo:

156 2825 244 2900 atque
263 2817 303 2877 ita
322 2817 502 2897 interpretor,
521 2837 582 2877 non
600 2832 682 2876 secus
701 2835 735 2876 ac
755 2817 878 2878 latrones
888 2817 1021 2877 villarrim
1040 2819 1134 2878 exitus
1153 2817 1296 2892 obsident,

156 2899 197 2958 ita
222 2899 303 2972 istos,
322 2895 486 2978 ubicunque
505 2897 571 2970 sint,
591 2913 657 2957 suas
677 2896 792 2956 insidias
811 2897 934 2958 tendere.
974 2897 1112 2958 Proximo
1131 2917 1217 2958 versu
1237 2897 1299 2958 alia

85 3004 90 3016 ·
157 2971 382 3062 comparatione,
400 2983 501 3037 eorum
516 2978 663 3056 saevitiam
677 2977 792 3056 gravius
806 2984 968 3058 exaggerat,
988 2977 1084 3037 dicens
1096 2995 1147 3038 eos
1161 2977 1197 3037 od
1212 2995 1298 3057 prae·

157 3057 224 3118 dam
243 3057 352 3117 inhiare
371 3077 431 3117 uon
450 3075 531 3116 secus
551 3075 585 3115 uc
604 3057 701 3116 leones
720 3058 750 3116 iu
771 3059 829 3117 suis
848 3058 954 3131 lustris,
974 3075 1097 3138 aequare
1116 3063 1297 3117 vemtrucu·

157 3137 249 3197 lutus
273 3136 395 3211 bestias,
419 3139 511 3195 maior
537 3143 581 3195 est
604 3137 773 3210 immunitas,
834 3155 880 3197 sm
900 3137 1042 3196 latronum
1063 3155 1143 3196 more
1162 3135 1294 3219 grassari.

157 3215 323 3277 Notandum
342 3222 439 3276 autem
458 3215 537 3296 quod
556 3215 670 3275 fraudes
689 3222 718 3275 et
736 3157 851 3276 insiliis
870 3235 982 3298 semper
1001 3217 1150 3276 violentiae
1174 3217 1295 3276 coniun-

158 3297 208 3378 git,
229 3301 262 3356 ut
280 3295 384 3356 clarius
404 3296 555 3376 expalmat,
574 3295 667 3354 modis
687 3295 818 3355 omnibns
837 3298 954 3356 miseros
968 3297 1031 3356 sore
1055 3295 1112 3355 Dci
1135 3295 1216 3368 filios,
1236 3296 1296 3354 nisi

157 3374 274 3436 caelesti
293 3375 401 3440 auxilio
419 3377 563 3435 inventur.
584 3375 708 3436 Additur
727 3375 812 3435 edam
837 3377 925 3436 altera
944 3376 1098 3436 similitudo
1119 3381 1191 3457 qtae
1211 3375 1295 3434 dolo-

158 3473 204 3514 sus
224 3453 368 3536 captiones
389 3455 505 3516 saevitia
525 3455 629 3516 mixtas
649 3455 752 3515 clarius
771 3457 921 3536 exprimat.
945 3454 1110 3516 Dicitenim
1124 3473 1294 3535 compete,

158 3534 207 3594 sed
227 3533 257 3593 iu
277 3539 337 3594 rete
357 3553 442 3594 suum
461 3533 609 3609 trahendo,
629 3535 733 3616 quibus
748 3536 842 3596 verbis
856 3535 995 3618 intelligit,
1014 3555 1073 3596 non
1093 3536 1179 3595 modo
1196 3542 1293 3615 aperta

156 3615 187 3673 vi
206 3619 235 3674 et
254 3615 292 3673 im
315 3619 364 3673 ein
382 3615 460 3696 ipsos
479 3633 572 3690 ruere,
592 3616 642 3676 sed
661 3615 747 3674 simul
765 3617 881 3676 tendere
921 3635 1017 3696 coque
1035 3617 1105 3676 retia
1126 3617 1228 3696 quibus
1243 3613 1301 3673 dc·-

158 3693 272 3774 eipiant.
326 3713 363 3754 oo
381 3699 476 3754 totum
496 3695 606 3755 decimo
625 3715 711 3754 versu
730 3715 829 3755 rursus
847 3637 980 3770 inclinat,
999 3703 1115 3777 gestum
1129 3699 1222 3776 ipsum
1234 3711 1301 3773 qua·

157 3774 182 3833 si
201 3792 254 3854 per
272 3772 470 3856 hypotyposin
499 3775 590 3834 oculis
614 3774 771 3835 subiiciens.
812 3775 948 3836 Attenuat
966 3795 1007 3850 se,
1026 3777 1127 3856 iuquit,
1146 3781 1176 3835 et
1195 3774 1297 3834 deurit·

158 3859 239 3927 tamt,
267 3872 305 3912 ue
324 3855 432 3913 scilicet
449 3855 621 3915 truculentia
641 3875 692 3914 sua
712 3855 813 3935 procul
833 3861 968 3916 terreant=
999 3857 1067 3935 quia
1086 3857 1183 3938 potius
1201 3855 1297 3914 illece-

156 3931 215 3992 bris
234 3937 293 3992 suis
313 3939 427 4014 captare
445 3935 548 3994 volout
566 3955 640 4014 quos
659 3955 720 3994 uon
738 3943 858 4016 possunt
876 3935 930 3994 uisi
950 3937 1084 4016 propiore
1103 3953 1219 3996 accessu
1237 3933 1298 3992 lne-

157 4011 233 4072 (lerc.
253 4009 391 4072 Videmus
403 4013 503 4074 utduo
523 4015 608 4074 simul
628 4016 788 4094 coniungat,
809 4017 928 4096 aucupia
948 4016 995 4074 vel
1015 4001 1173 4097 decipulas:
1194 4012 1302 4074 deiude

157 4086 280 4152 subitam
304 4093 483 4167 violentiam,
509 4095 621 4174 quoties
645 4096 675 4154 iu
695 4095 809 4154 illorum
829 4115 929 4154 muniis
950 4095 1048 4156 incidit
1066 4095 1180 4176 praeda.
1221 4091 1301 4154 Nam
1399 4099 1401 4109 '

157 4165 281 4232 munda
295 4179 381 4310 parte
399 4173 539 4252 iutelligit,
558 4191 645 4234 soevo
664 4175 774 4314 impetu
786 4181 899 4256 praeter
913 4195 995 4256 spem
1013 4175 1131 4252 irruere,
1150 4173 1319 4234 dumsimr

156 4251 246 4390 plicas
265 4252 294 4312 vi
314 4259 363 4312 eut
382 4271 450 4312 suae
468 4251 578 4314 libidini
602 4273 664 4314 esse
683 4275 702 4316 o
721 4257 838 4329 noxios,
864 4256 923 4316 acsi
946 4255 993 4316 leo
1012 4275 1052 4316 ex
1071 4271 1124 4316 suc
1142 4253 1301 4364 cubatione

170 4349 265 4390 uncos
294 4339 478 4412 consurgeret
506 4331 544 4392 ad
572 4333 707 4429 praedem
737 4333 925 4396 lacerandam.
969 4333 1078 4396 Sensus
1103 4341 1218 4414 apertus
1242 4339 1300 4408 est,

158 4409 285 4492 undiquc
305 4413 472 4473 metuendos
492 4431 555 4473 esse
574 4432 687 4495 impios,
707 4416 774 4496 qraiu
794 4433 875 4477 suam
894 4414 1091 4477 crudelitatem
1110 4411 1300 4490 dissimulant,
