2726 4888
227 297 283 358 450
463 297 467 320 ¹
667 296 954 340 crunnus

231 424 398 566 praesertim
417 377 570 482 metuenda
589 425 633 480 est
651 418 757 482 furiosa
777 421 825 482 ills
844 421 976 496 caesitas,
1000 441 1040 484 ne
1058 441 1122 482 carn
1139 421 1190 482 llu'
1206 433 1311 488 natant

252 503 477 664 mdegllffi
500 500 673 642 qumi-simam
691 502 772 563 tollat
801 505 853 582 qni
876 503 1019 584 potmtisc
1043 521 1113 564 asae
1132 501 1222 564 nunna
1238 505 1297 573 stru

232 603 301 646 suae
346 602 361 644 a
496 601 515 642 o
616 601 626 640 ι
674 625 681 642 ,

325 783 379 854 12.
401 780 511 850 Semel
537 779 690 874 loquutus
719 736 768 850 est
788 779 889 866 Deus,
914 783 963 851 bis
984 781 1049 851 lroe
1070 781 1179 866 suun,
1198 785 1297 876 quodp

232 901 331 960 ustas
353 889 395 958 sit
421 887 505 974 Deo,
549 889 602 957 13.
629 887 672 956 Et
697 887 754 956 tibi
781 889 920 958 Domine
947 887 1127 974 ekmentia,
1151 897 1301 960 certetur

233 997 355 1092 pendes
377 995 492 1088 cuique
514 995 694 1064 secundum
715 1017 797 1086 opus
817 1017 923 1064 sumn.

315 1145 363 1205 12.
384 1143 480 1202 Semel
501 1143 648 1224 Ιοφιιιίιισ.
665 1131 669 1139 ’
688 1139 843 1202 Concludit
865 1159 924 1202 nun
948 1140 1032 1201 aliter
1057 1157 1141 1221 posse
1162 1137 1260 1198 alstnli
1276 1145 1304 1200 ot

237 1241 301 1286 mos
326 1239 344 1284 a
367 1221 504 1296 vamum,
523 1239 613 1300 quam
637 1222 663 1282 si
681 1222 794 1300 penitus
814 1227 844 1282 et
862 1227 1025 1282 constanter
1049 1221 1081 1280 in
1099 1217 1154 1278 Dei
1174 1219 1305 1278 indictonis

239 1303 313 1364 tenti
331 1302 396 1363 sint·
435 1298 536 1378 Quum
555 1301 563 1360 i
584 1301 642 1360 itur
661 1297 720 1360 huc
738 1307 768 1362 ct
785 1301 854 1360 illuc
872 1301 937 1362 ideo
960 1305 1112 1380 raptentur
1128 1297 1253 1358 hominnm
1265 1319 1311 1358 nu*

157 1385 159 1405 '
237 1389 290 1456 tes,
309 1387 361 1442 sut
379 1379 480 1440 saltem
505 1321 653 1454 vacillent,
699 1380 747 1440 nia
770 1379 805 1458 ad
830 1381 923 1443 sarias
947 1379 1048 1440 mnndi
1071 1379 1246 1438 inclinationes
1262 1379 1306 1436 altr·

238 1459 480 1538 nanttranqnilla
496 1461 580 1520 statio
596 1400 755 1520 ostenditur
767 1477 786 1520 a
799 1459 920 1534 Doride,
940 1459 988 1524 nbi
998 1459 1105 1520 scilieet
1114 1459 1307 1552 patianturque·

238 1543 343 1602 sciurus
367 1540 399 1600 in
422 1537 514 1598 verbo
538 1537 603 1598 Dei.
644 1537 780 1600 Ceterum
804 1542 872 1620 quia
896 1540 933 1600 ad
951 1538 1050 1600 Deum
1115 1559 1125 1598 ι
1148 1537 1229 1598 lucen
1246 1536 1307 1594 hatita

237 1622 419 1692 mosomum
439 1623 468 1680 1.
487 1617 561 1678 Tim.
581 1621 611 1692 6,
631 1621 680 1682 16.
699 1639 785 1679 nemo
803 1621 949 1701 perveniet
972 1619 1026 1678 nisi
1050 1557 1115 1678 fild
1126 1615 1257 1688 directim,
1270 1615 1306 1672 Po

238 1699 326 1782 pheta
344 1697 466 1758 verbnm
484 1697 567 1758 nobis
587 1699 730 1780 proponit,
750 1719 808 1778 quo
828 1707 949 1760 testatur
967 1696 1050 1758 Deus
1071 1696 1201 1757 mnndum
1217 1715 1240 1755 se
1253 1715 1306 1773 regn

240 1783 316 1842 iusto
335 1779 465 1860 imperio.
503 1776 543 1836 Et
561 1779 629 1858 quin
648 1797 822 1859 magnopere
840 1782 957 1842 interest
981 1797 1035 1838 nos
1055 1778 1086 1836 ln
1104 1774 1188 1836 Verbi
1206 1773 1250 1834 lide
1262 1775 1307 1832 stat

240 1861 305 1933 lire,
324 1859 386 1918 eius
405 1857 604 1919 certitudinem
623 1859 812 1920 commendat.
842 1857 1017 1938 Quanquam
1037 1864 1133 1916 antem
1153 1855 1245 1914 dnobus
1258 1853 1305 1912 ned

241 1939 357 2002 contexi
377 1945 497 2018 possunt
516 1937 611 2010 verba,
630 1937 695 1998 suis
714 1944 811 2000 tamen
829 1945 882 2012 cst,
896 1935 991 1998 Deum
1010 1937 1067 1996 sibi
1076 1933 1163 2016 probe
1180 1940 1282 1993 constan
1291 1951 1305 1988 r.

239 2019 356 2081 minine
376 2017 501 2078 timenda
520 2018 558 2078 sit
576 2019 697 2078 mutatio
716 2038 807 2095 quum
826 2037 986 2078 sermonem
1004 2015 1135 2097 protulit.
1170 2012 1239 2072 Multi
1253 2011 1306 2070 iot

240 2104 321 2180 gunt,
341 2095 439 2156 Semel
464 2116 498 2156 ac
518 2096 570 2169 bis,
594 2098 641 2156 vel
667 2097 753 2158 altera
777 2099 839 2160 vioe
862 2099 1014 2178 loqnutnm
1034 2113 1098 2158 esse
1118 2093 1215 2154 Demus
1231 2099 1254 2152 ut
1266 2111 1303 2170 rep

154 2175 157 2184 ‘
241 2180 311 2238 titus
331 2195 426 2235 sermo
447 2175 483 2234 ad
493 2175 738 2238 continuationem
751 2177 856 2238 valeat:
878 2177 1072 2248 aosidixisset‚
1092 2173 1183 2234 Deum
1196 2173 1304 2230 chuno

240 2257 399 2336 potentiam
420 2259 450 2312 et
468 2251 624 2314 bonitatem
644 2255 735 2310 semet
754 2255 841 2331 atque
860 2253 962 2312 iteruin
980 2253 1144 2326 asseruisse,
1161 2257 1191 2311 nt
1207 2253 1249 2309 ian
1262 2249 1304 2308 sui

241 2349 308 2412 gere
327 2329 371 2390 las
390 2351 451 2390 non
471 2333 515 2390 sit
556 2329 594 2392 Et
613 2330 694 2390 locus
713 2329 773 2390 Iob.
796 2333 847 2404 33,
866 2331 915 2394 11.
939 2350 998 2392 nun
1021 2332 1144 2392 multum
1166 2331 1256 2390 videtu
1270 2328 1311 2382 da*

242 2409 330 2482 milis,
355 2405 433 2486 qnod
454 2405 536 2466 Deus
561 2409 650 2468 semel
673 2415 704 2468 et
729 2409 819 2470 altera
843 2411 905 2469 vice
924 2409 1074 2489 loquatur,
1099 2407 1191 2467 cadem
1207 2406 1311 2464 eninmt

242 2486 330 2546 verba
351 2487 404 2544 nisi
425 2485 503 2565 quod
523 2485 628 2568 copula
648 2489 847 2567 interponitur.
887 2487 966 2548 Sinni
989 2489 1081 2568 magis
1105 2485 1247 2548 adlubescet
1260 2483 1311 2556 alto

243 2566 396 2639 distinctio,
416 2563 514 2626 Semel
533 2565 672 2646 loquutus
682 2573 727 2628 est
735 2565 826 2643 Deus,
845 2565 902 2628 hoe
920 2567 963 2626 bis
974 2566 1086 2626 andivi:
1098 2567 1311 2642 truatursuoum‘

242 2644 317 2706 Nam
337 2649 366 2704 et
385 2645 613 2705 circumstantiae
631 2645 691 2706 loci
710 2645 782 2708 bene
801 2648 944 2721 convenit,
963 2653 992 2706 et
1010 2646 1078 2706 inde
1097 2646 1201 2706 elicitur
1219 2639 1311 2702 uiliter

243 2726 351 2786 ctrinaa
373 2721 450 2802 Quia
470 2723 552 2786 Deus
571 2724 621 2785 ubi
639 2726 726 2785 semel
745 2727 883 2806 loquutus
902 2733 947 2788 est
966 2745 1135 2800 sermonem,
1153 2743 1204 2784 non
1219 2725 1311 2780 nnat}

83 2866 88 2886 Ι
121 2873 127 2895 Ι
244 2811 376 2864 nostrum
396 2821 469 2876 esse,
489 2804 538 2863 diu
557 2811 587 2864 et
605 2805 718 2885 prolixe
736 2807 865 2866 meditari
875 2805 1010 2888 quiequid
1024 2825 1064 2864 ex
1074 2823 1152 2866 samo
1169 2806 1311 2877 cimonpot

244 2884 352 2946 lectum
373 2889 425 2958 cst,
445 2885 526 2964 quasi
545 2883 664 2944 dixisset
683 2883 787 2962 David,
799 2884 888 2946 Deus
913 2885 1000 2946 verbo
1024 2904 1080 2946 suo
1103 2903 1154 2945 nos
1175 2883 1249 2942 docet:
1263 2875 1311 2956 qut*

244 2965 334 3025 instes
354 2965 485 3043 perpetui
506 2970 536 3023 et
560 2961 743 3025 immutabilis
777 2966 881 3026 decreti
910 2963 1072 3024 habendum
1101 2971 1155 3024 est:
1175 2981 1220 3041 ego
1238 2955 1302 3016 seni

176 3099 179 3107 ,
244 3041 334 3104 verbo
354 3044 415 3101 eius
435 3061 482 3102 me
501 3045 613 3124 saepius
632 3045 757 3117 exercui,
776 3065 813 3104 ne
831 3045 968 3126 temporis
983 3042 1247 3122 successnobrepent
1260 3035 1311 3120 triu

247 3122 392 3182 doctrinae
412 3121 527 3183 oblivio.
567 3121 626 3181 Sed
646 3126 713 3203 quia
732 3125 887 3204 simplicior
910 3143 974 3184 esse
998 3124 1119 3184 videtur·
1133 3123 1209 3182 alten
1223 3115 1301 3254 loqui

246 3199 344 3262 Semel
364 3207 394 3260 et
413 3199 456 3260 bis
476 3201 505 3261 lo
528 3209 629 3262 uutum
648 3221 710 3264 csse
728 3201 840 3276 Deum,
863 3205 893 3264 in
916 3203 994 3263 illam
1019 3203 1102 3264 facile
1120 3201 1217 3262 inclino.
1267 3201 1301 3250 lul

247 3288 347 3342 tamen
366 3223 541 3362 repudianda
559 3288 604 3341 est
623 3301 722 3343 eornm
741 3301 774 3342 ar
812 3286 860 3360 tin,
878 3285 930 3364 qui
939 3283 1037 3344 dicunt
1046 3281 1139 3344 Semel
1149 3282 1301 3360 loquutuuoft

247 3361 279 3420 in
298 3357 384 3438 Lege,
404 3361 509 3420 iterum
533 3360 634 3421 deinde
656 3363 686 3420 in
706 3383 778 3443 prop
799 3365 866 3439 etis,
890 3365 958 3444 quia
982 3363 1053 3424 nihil
1076 3361 1151 3422 alind
1170 3351 1301 3440 solsititiu-

249 3453 337 3518 quam
358 3439 443 3498 huius
473 3439 619 3501 doctrinae
647 3445 844 3502 auctoritatem
867 3441 957 3524 probe
980 3445 1116 3508 nauum
1132 3457 1198 3500 esse:
1216 3434 1298 3494 nutu

247 3519 322 3578 mius
342 3519 484 3598 armagis
504 3526 598 3580 ratum
618 3519 700 3580 nobis
719 3541 781 3582 esse
800 3521 873 3584 solet
890 3521 967 3602 quod
981 3523 1093 3603 saepius
1101 3518 1265 3603 promulgatur·
1281 3506 1299 3562 l

196 3653 204 3681 ι
247 3603 325 3657 terea
345 3599 566 3674 meminerimus,
585 3599 706 3660 simulac
724 3599 843 3664 verbum
864 3599 1081 3680 protulitDeus.
1099 3619 1164 3662 mox
1179 3595 1257 3673 atauo
1268 3603 1299 3644 ⁰¹*

247 3675 387 3736 troversia
407 3679 645 3756 acquiescendum
664 3699 738 3742 esse:
758 3683 841 3740 sicuti
860 3683 965 3761 impuri
985 3681 1100 3762 quidam
1119 3697 1192 3740 canes
1207 3669 1299 3732 tomo

248 3751 383 3834 amplecti
402 3764 534 3816 recusant
553 3777 628 3838 qnae
647 3779 706 3820 non
725 3761 763 3820 sit
781 3759 900 3840 probata
910 3761 1000 3820 tribus
1020 3762 1067 3822 vel
1085 3751 1299 3842 quantusque*

249 3834 428 3894 testimoniis.
468 3833 543 3895 Nam
566 3844 595 3896 et
619 3840 659 3897 ita
684 3839 761 3920 apud
786 3858 839 3899 nos
864 3837 1002 3902 blaterare
1026 3823 1298 3900 amarescentis

250 3915 301 3994 qui
321 3913 473 3994 gratuitam
487 3913 543 3974 Dei
562 3918 730 3980 electionem
749 3925 779 3978 et
798 3937 929 3980 arcanam
969 3919 1149 3982 accidentiam
1165 3909 1311 3976 amunte:

248 3993 335 4088 tabat
380 3991 481 4074 Neque
504 3996 581 4056 enim
606 3995 712 4056 Davidi
736 4000 915 4080 propositum
946 3939 1000 4060 llis
1025 3999 1089 4059 Deo
1111 3996 1191 4078 legen
1213 3987 1311 4067 imparati

249 4090 366 4210 Zagrus
382 4073 527 4212 lrsffinendi,
546 4075 820 4214 scdbdulsitationem
840 4079 967 4216 eximelqe
985 4082 1048 4174 eius
1066 4077 1204 4146 doetrinae,
1221 4057 1295 4202 ‹1¹3⁶ss

176 4283 180 4290 .
250 4170 409 4308 drusilla
430 4159 1293 4298 dltdrldolalanrlgvldrnedtlalmllscioeleudurlrwdsseplllilseldsffilflt⁰*

249 4325 306 4398 qne
325 4309 515 4386 respuendum
537 4333 595 4393 quo
615 4315 705 4372 maior
723 4335 790 4395 pars
809 4257 883 4376 tollet
903 4317 1024 4390 fastidio.
1054 4315 1125 4394 Quia
1142 4331 1198 4372 vero
1211 4310 1292 4374 nonu

250 4401 357 4445 mucce
376 4388 518 4466 quaelibet
543 4393 688 4454 doctrinae
710 4395 804 4476 capita
829 4395 877 4456 hic
895 4403 991 4474 notat,
1014 4405 1156 4458 contexere
1176 4401 1249 4469 opem
1263 4387 1292 4454 pa
