2726 4888
254 236 308 292 5¹24
692 207 990 308 seuvinus

251 363 313 438 iens
330 361 456 440 allectos
470 357 570 424 luerat
610 358 656 424 Ac
675 361 774 422 similis
797 362 858 424 sere
877 365 1018 428 conlectio
1036 367 1150 432 babetur
1165 373 1264 442 rore
1280 395 1301 452 ιο

254 462 313 522 qua
333 445 435 502 merito
455 439 634 520 praedicatur
648 435 818 503 admirabilis
829 437 885 520 Dei
896 445 993 525 virtus,
1013 457 1042 508 et
1056 451 1234 516 inaestimabilis
1245 428 1306 526 lium

255 525 285 584 iu
306 523 453 582 homiuum
491 519 666 581 oneratione:
696 523 777 582 euius
795 511 884 599 ratic,
908 525 963 591 uisi
985 527 1020 588 ad
1044 548 1108 588 eam
1128 551 1231 596 caseum
1243 551 1307 607 mod

255 622 373 686 prorsus
396 540 569 678 increbibilis
593 597 674 660 toret
713 598 796 679 Num⁴
813 605 837 680 si
860 603 896 666 ad
913 603 1069 680 ¹historiam
1095 609 1183 674 diluvii
1199 615 1307 700 obstupere

254 704 328 757 mus,
354 681 421 756 dum
447 677 535 742 relcrt
552 677 647 740 Moses
673 680 745 742 Gen.
766 685 794 758 8,
819 685 867 745 13.
892 685 922 746 in
948 677 1053 748 foetida
1076 694 1217 754 stercorum
1233 705 1308 780 0005,st

44 725 45 796 l
133 782 137 799 ι
252 762 321 828 Noe*
338 764 443 836 vixisse
463 779 528 820 cum
548 758 655 822 familia
674 759 772 822 decem
791 782 912 846 menses,
932 785 1024 846 quum
1049 767 1159 831 vitalem
1174 777 1269 853 spiritum
1280 789 1309 842 ln·

251 845 324 906 berc
342 863 406 912 noa,
420 841 527 920 liceret:
552 859 604 900 eur
623 860 681 902 non
701 860 791 922 seque
811 843 977 926 mirabimur
1001 845 1110 908 ioelum
1128 855 1212 912 matris
1224 863 1309 918 ubrrir

189 927 202 950 ⁸
254 925 364 989 dueum
390 922 478 988 uitam
503 919 533 980 in
557 917 686 980 sordibus
707 919 822 1002 degere,
847 923 1100 1004 quaesemiborac
1118 933 1310 1010 spatic'robustiri

252 1025 317 1068 mos
343 1019 473 1082 quosque
496 997 685 1062 suffocarent?
709 997 768 1060 Sed
791 1001 832 1064 ila
856 1003 963 1066 scilicet
985 1005 1071 1066 nobis
1095 1027 1147 1068 usu
1168 1011 1311 1076 demtus·

252 1083 398 1146 miracula.
438 1079 459 1140 S
481 1081 561 1138 irilus
585 1087 681 1139 eutem
705 1101 764 1140 non
789 1081 839 1142 abs
862 1101 895 1142 re
917 1082 1149 1165 ingratitudinem
1165 1087 1311 1154 baucmt'ot

250 1173 311 1235 ‚tum
335 1101 547 1224 memorabilem
576 1157 632 1220 Dei
657 1161 775 1240 gratiam
803 1159 834 1221 in
858 1169 923 1224 ortu
952 1169 1053 1226 nostro
1078 1119 1311 1236 commendabubu

174 1263 178 1276 ¹
250 1265 341 1326 quum
361 1243 471 1304 edimur
488 1242 518 1302 in
536 1238 642 1312 lucem,
662 1243 792 1320 quamvis
817 1249 907 1302 mater
926 1243 1055 1306 cllidum
1075 1266 1157 1308 sunm
1173 1260 1274 1330 praestet,
1288 1257 1312 1312 el·

250 1329 287 1388 sil
306 1323 454 1393 obstetrix,
473 1319 614 1400 multique
633 1318 680 1378 alii
692 1321 874 1402 opitulentur,
890 1317 947 1384 'nisi
962 1317 1061 1386 tamen
1070 1321 1148 1386 Dens
1166 1347 1256 1390 manum
1268 1353 1312 1394 suu

164 1401 170 1418 ‘
248 1401 462 1484 quodammodo
481 1417 655 1480 supponens,
674 1401 829 1480 susciperet
847 1422 900 1462 nos
918 1403 948 1464 in
966 1421 1054 1464 snum
1074 1409 1212 1486 gremium,
1258 1413 1276 1470 il
1288 1435 1312 1472 u

247 1483 293 1546 bis
312 1483 402 1558 lieret,
422 1488 451 1540 et
470 1499 544 1560 quac
564 1497 629 1558 spes
638 1485 712 1538 esset
727 1481 921 1561 prorogandae
939 1483 1034 1544 vitae?
1056 1481 1209 1550 Imoexitus
1223 1429 1312 1552 buteo.

246 1566 391 1644 inpressm
415 1567 490 1634 esset
514 1561 544 1620 iu
568 1557 646 1621 mille
670 1565 784 1622 marles.
825 1557 923 1639 Quare
948 1584 1009 1625 non
1032 1561 1087 1638 abs
1110 1585 1141 1626 re
1162 1569 1311 1630 vocalubeu

244 1652 399 1710 astructor
417 1641 455 1704 ab
473 1649 565 1705 utero.
606 1617 662 1698 Cui
680 1637 765 1701 etiam
784 1626 936 1720 respondet
955 1643 1085 1704 clausula
1104 1653 1311 1721 venustatibus

246 1749 315 1794 m
331 1745 452 1804 smper.
473 1717 619 1802 Significat
629 1717 705 1780 enirn
713 1720 862 1782 materiam
874 1719 1008 1788 laudandi
1022 1721 1082 1786 Dei
1092 1723 1144 1786 sibi
1162 1729 1266 1788 cosmus
1273 1735 1310 1790 sui

244 1805 334 1870 tuisse
352 1807 522 1882 suggestam.
983 1862 997 1898 υ

325 1886 354 1950 7.
376 1889 472 1958 Quart
486 1879 671 1963 prodigium.
701 1875 815 1960 Transit
832 1901 909 1944 nuuc
928 1881 965 1944 sd
980 1885 1194 1970 querimonism,
1209 1887 1265 1984 poci
1277 1909 1309 1968 pu

244 1969 312 2106 pter
335 1967 462 2102 ingentes
487 1961 614 2022 miserius
640 1957 743 2040 quibus
768 1961 996 2055 opprimebatur,
1020 1967 1130 2046 passim
1153 1967 1226 2028 luent
1243 1967 1309 2028 dest

265 2068 273 2104 l

275 2045 318 2104 lis.
383 2045 420 2108 lsi
443 2049 540 2107 autem
565 2039 661 2119 aliqua
685 2041 716 2122 iu
740 2059 864 2122 spectem
888 2047 1077 2126 repugnantia
1102 2053 1146 2106 est
1163 2048 1190 2106 in
1206 2047 1240 2105 bis
1254 2047 1309 2109 urle

244 2123 303 2186 Dei
322 2123 465 2186 beneficiis
485 2140 597 2202 semper
615 2119 702 2180 luisse
728 2128 860 2182 ornatum
879 2131 909 2184 et
927 2125 1051 2206 prodigii
1070 2123 1137 2190 loco
1155 2126 1309 2206 habitumqu'r

243 2207 346 2266 misere
368 2203 491 2264 sillictus
515 2206 604 2274 esset,
628 2199 806 2276 utilissimum
833 2207 927 2264 lamen
953 2203 1112 2266 doctrinam
1136 2207 1255 2276 elicimus,
1269 2207 1308 2264 uda

243 2286 436 2348 calamitatum
456 2279 532 2340 mole
551 2280 685 2344 obrutum
698 2279 784 2342 luisse
805 2301 889 2360 quem
909 2283 946 2346 de
965 2283 1160 2348 bonitateDei'
1175 2293 1308 2366 gmtunnr·

243 2371 367 2445 ceperat.
401 2359 542 2439 Quamvis
562 2379 630 2439 crgo
651 2378 682 2420 se
701 2360 903 2424 abominationi
924 2383 987 2425 esse
1007 2365 1127 2442 rideret,
1145 2387 1198 2430 non
1215 2368 1306 2446 potuita

240 2464 309 2511 rnen
330 2444 395 2504 ullis
414 2439 537 2516 teuebds
562 2439 690 2519 extingui
714 2443 851 2516 memoria
876 2439 1029 2518 bonorum,
1056 2465 1132 2526 qnae
1151 2445 1184 2510 ad
1201 2438 1307 2506 bdeudii

238 2524 373 2606 fiendam,
391 2523 481 2594 instar
499 2519 647 2615 lampadis,
667 2527 727 2580 erat
747 2521 776 2580 in
796 2523 856 2585 cius
876 2525 970 2584 corde.
1010 2529 1151 2588 Portasti
1172 2545 1230 2588 vero
1244 2527 1307 2583 uouiu

236 2625 302 2669 non
321 2603 448 2684 vulgaris
468 2599 613 2681 catomum
634 2599 815 2682 exprimitur:
836 2603 902 2683 quia
922 2603 976 2664 nisi
996 2603 1112 2666 insolito
1128 2603 1307 2686 modcoppresu

233 2687 350 2758 luisset,
370 2703 428 2744 non
449 2679 663 2740 exhorruissent
682 2677 718 2737 ad
738 2686 847 2740 tsntmn
867 2681 1077 2758 deformitatem
1089 2685 1241 2766 quibusnou
1254 2685 1307 2764 ipsi

238 2772 302 2828 erat
320 2766 422 2826 misera
441 2761 590 2825 bominum
611 2759 745 2820 conditio.
787 2757 862 2837 Quo*
875 2763 965 2841 magis
984 2763 1128 2826 laudabile
1146 2765 1259 2848 specimen
1271 2783 1306 2822 coa

239 2847 359 2916 stantiae
377 2843 441 2918 luit,
460 2861 519 2902 noa
539 2840 631 2920 frangi
650 2859 704 2900 nce
724 2837 862 2901 debilitari
885 2843 1008 2924 pudore:
1034 2845 1104 2920 sed,
1119 2865 1177 2926 qao
1197 2845 1261 2924 mgb
1273 2843 1306 2902 rri-

189 2987 191 2992 ,
234 2926 366 2986 ciebrlur
391 2941 408 2984 a
433 2921 556 2995 mundo,
581 2921 670 3000 magis
697 2921 725 2980 iu
750 2917 846 2981 Deam
871 2921 1045 2984 recumbere.
1087 2925 1249 2986 Adverrrtire
1264 2925 1306 2980 nir

236 3006 342 3072 resolvi
367 3003 450 3066 debet
471 3001 630 3075 sententia,
651 2998 794 3084 Quereris
817 3001 905 3062 instar
924 3005 1048 3084 prodigii
1067 3007 1200 3066 exsecrati
1215 3006 1254 3062 siut
1269 3021 1305 3060 sm

236 3087 376 3156 homines,
400 3081 465 3160 Deo
489 3087 586 3141 tamm
609 3079 764 3140 subnixum
793 3079 904 3154 sortiter
928 3086 1046 3145 stetisse.
1087 3083 1120 3146 Si
1140 3089 1222 3156 ΕὉἾ
1240 3089 1320 3158 rdet}

233 3167 324 3228 libeat
342 3163 458 3240 Multos,
478 3179 577 3220 sensus
597 3161 660 3236 erit,
680 3159 768 3239 vulgo
787 3167 870 3232 notas
890 3168 919 3222 et
938 3163 1062 3240 celebres
1081 3159 1320 3240 luisscmiseriasbsr

235 3245 325 3306 vidire
349 3245 407 3304 acsi
431 3231 461 3301 ib
485 3239 627 3300 theatrum
652 3240 822 3322 productus,
847 3243 947 3322 populi
966 3242 1066 3304 oculos
1085 3247 1114 3306 iu
1135 3263 1165 3305 sc
1181 3247 1301 3306 urruns

234 3325 338 3388 Melius
364 3331 458 3383 tamen
475 3321 644 3394 ,conveniet
668 3339 733 3380 meo
753 3319 867 3392 iudicio,
892 3323 928 3382 de
948 3321 1057 3404 Magnis
1076 3326 1125 3384 vel
1142 3323 1302 3405 proceribmir

234 3407 372 3485 telligere.
412 3402 491 3462 llaec
510 3419 579 3460 vero
599 3399 750 3480 indignitas
770 3401 925 3480 quamlibet
945 3403 1034 3464 fortes
1058 3405 1167 3466 animos
1187 3423 1232 3464 nou
1245 3401 1301 3460 luite

231 3486 368 3567 percellit,
389 3485 413 3544 si
432 3484 567 3542 miserum
586 3477 732 3546 bominem
752 3479 863 3542 horrori
880 3481 987 3547 babent
1005 3485 1054 3566 qui
1067 3485 1195 3546 ridentur
1208 3481 1299 3566 protecti

228 3575 261 3626 et
280 3565 386 3632 iudicio
406 3561 556 3636 excellere,
575 3561 675 3640 etqui
694 3561 863 3620 auctoritate
881 3563 1001 3644 praediti
1020 3572 1097 3632 scut.
1125 3562 1264 3644 bloxorrsi
1274 3577 1298 3638 pt·

98 3681 103 3699 ι
229 3647 300 3708 titus
318 3650 389 3704 volo
408 3661 471 3716 suo,
491 3641 605 3702 suturae
623 3641 801 3721 gratitudinis
825 3643 1019 3708 testimonium
1041 3645 1129 3708 addit.
1165 3637 1297 3722 throb

230 3727 306 3788 erius
326 3726 355 3784 in
376 3721 480 3782 bonam
500 3740 581 3801 spem
601 3726 739 3802 assurgat,
758 3721 850 3802 plenis
868 3721 966 3784 buccis
990 3717 1022 3786 se
1039 3721 1096 3786 Dei
1120 3723 1208 3788 laudes
1222 3723 1298 3782 munte
1318 3763 1319 3804 p

228 3803 469 3886 rempmmittit:
489 3816 584 3881 neque
603 3799 633 3861 id
652 3799 749 3877 semel,
766 3799 819 3865 sed
836 3799 1003 3885 infatigabili
1020 3803 1223 3886 perseverantis
1288 3829 1292 3849 ·
1318 3815 1319 3884 t

315 3933 348 4002 9.
371 3929 421 4000 Ne
443 3929 586 4024 proiieias
608 3951 661 4000 me
676 3939 823 4022 tempore
833 3931 1012 4018 senectutis,
1031 3933 1197 4018 secundum
1206 3925 1296 3999 tusus

226 4063 302 4112 uem
325 4038 448 4110 virtutis
469 4059 624 4106 meusne
645 4035 849 4111 deserasme.
896 4039 948 4108 10.
971 4039 1053 4126 Quia
1074 4041 1209 4110 dixerunt
1224 4031 1293 4104 uiui

224 4147 290 4234 snei
312 4145 352 4213 de
374 4167 444 4214 mer
470 4153 503 4212 et
529 4143 585 4235 qrri
607 4145 778 4213 observent
805 4146 944 4214 animm
965 4169 1080 4232 mecm,
1100 4143 1292 4218 mundarent

225 4249 334 4334 simul,
380 4249 433 4329 11,
466 4247 627 4336 Dicendo,
661 4249 751 4318 Deus
783 4251 950 4344 dereliquit
983 4277 1073 4322 eum:
1115 4241 1291 4348 praemisiti

224 4366 259 4428 et
279 4353 554 4446 comprehendetis
576 4379 666 4434 cumr
689 4357 839 4452 quianon
861 4359 1007 4453 eripiens.
1040 4357 1193 4436 1st
1207 4377 1237 4426 ue
1251 4369 1290 4444 po
1317 4427 1318 4436 ,
