<?xml version="1.0" encoding="UTF-8"?>
<!DOCTYPE html PUBLIC "-//W3C//DTD XHTML 1.0 Transitional//EN"
    "http://www.w3.org/TR/xhtml1/DTD/xhtml1-transitional.dtd">
<html xmlns="http://www.w3.org/1999/xhtml" xml:lang="en" lang="en">
 <head>
  <title>
</title>
<meta http-equiv="Content-Type" content="text/html;charset=utf-8" />
  <meta name='ocr-system' content='tesseract 3.04.00' />
  <meta name='ocr-capabilities' content='ocr_page ocr_carea ocr_par ocr_line ocrx_word'/>
</head>
<body>
  <div class='ocr_page' id='page_1' title='image "./ioanniscalvinii03tholgoog_0097.png"; bbox 0 0 2818 4886; ppageno 0'>
   <div class='ocr_carea' id='block_1_1' title="bbox 126 219 846 316">
    <p class='ocr_par' dir='ltr' id='par_1_1' title="bbox 126 219 846 316">
     <span class='ocr_line' id='line_1_1' title="bbox 126 219 846 316; baseline -0.001 -19"><span class='ocrx_word' id='word_1_1' title='bbox 126 257 164 316; x_wconf 69' lang='lat'>73</span> <span class='ocrx_word' id='word_1_2' title='bbox 260 243 267 258; x_wconf 65' lang='lat'>⁸</span> <span class='ocrx_word' id='word_1_3' title='bbox 555 219 846 298; x_wconf 67' lang='lat' dir='ltr'>tornetrensi</span> 
     </span>
    </p>
   </div>
   <div class='ocr_carea' id='block_1_2' title="bbox 128 375 1274 776">
    <p class='ocr_par' dir='ltr' id='par_1_2' title="bbox 128 375 1274 776">
     <span class='ocr_line' id='line_1_2' title="bbox 128 375 1272 460; baseline -0.005 -16"><span class='ocrx_word' id='word_1_4' title='bbox 128 385 233 444; x_wconf 73' lang='lat' dir='ltr'>esrem.</span> <span class='ocrx_word' id='word_1_5' title='bbox 271 378 359 460; x_wconf 85' lang='lat' dir='ltr'>Quod</span> <span class='ocrx_word' id='word_1_6' title='bbox 379 376 494 460; x_wconf 87' lang='lat' dir='ltr'>qnidam</span> <span class='ocrx_word' id='word_1_7' title='bbox 514 377 622 459; x_wconf 84' lang='lat' dir='ltr'>legunt,</span> <span class='ocrx_word' id='word_1_8' title='bbox 640 375 765 460; x_wconf 85' lang='lat' dir='ltr'>Lingeus</span> <span class='ocrx_word' id='word_1_9' title='bbox 784 383 897 440; x_wconf 87' lang='lat' dir='ltr'>nostras</span> <span class='ocrx_word' id='word_1_10' title='bbox 920 375 1131 458; x_wconf 57' lang='lat' dir='ltr'>roborabimus}</span> <span class='ocrx_word' id='word_1_11' title='bbox 1150 377 1207 437; x_wconf 84' lang='lat' dir='ltr'>etsi</span> <span class='ocrx_word' id='word_1_12' title='bbox 1226 383 1272 438; x_wconf 85' lang='lat' dir='ltr'>te·</span> 
     </span>
     <span class='ocr_line' id='line_1_3' title="bbox 129 459 1273 540; baseline -0.005 -16"><span class='ocrx_word' id='word_1_13' title='bbox 129 461 245 524; x_wconf 85' lang='lat' dir='ltr'>lerebile</span> <span class='ocrx_word' id='word_1_14' title='bbox 263 465 317 533; x_wconf 76' lang='lat' dir='ltr'>est,</span> <span class='ocrx_word' id='word_1_15' title='bbox 346 461 441 519; x_wconf 86' lang='lat' dir='ltr'>minus</span> <span class='ocrx_word' id='word_1_16' title='bbox 459 464 557 519; x_wconf 86' lang='lat' dir='ltr'>tamen</span> <span class='ocrx_word' id='word_1_17' title='bbox 575 477 642 520; x_wconf 88' lang='lat' dir='ltr'>eum</span> <span class='ocrx_word' id='word_1_18' title='bbox 660 459 771 520; x_wconf 77' lang='lat' dir='ltr'>rabone</span> <span class='ocrx_word' id='word_1_19' title='bbox 789 459 973 540; x_wconf 73' lang='lat' dir='ltr'>grammatica</span> <span class='ocrx_word' id='word_1_20' title='bbox 991 459 1127 518; x_wconf 79' lang='lat' dir='ltr'>convenit</span> <span class='ocrx_word' id='word_1_21' title='bbox 1148 463 1273 538; x_wconf 88' lang='lat' dir='ltr'>propter</span> 
     </span>
     <span class='ocr_line' id='line_1_4' title="bbox 130 517 1272 620; baseline -0.007 -17"><span class='ocrx_word' id='word_1_22' title='bbox 130 541 256 603; x_wconf 88' lang='lat' dir='ltr'>additam</span> <span class='ocrx_word' id='word_1_23' title='bbox 280 539 391 600; x_wconf 83' lang='lat' dir='ltr'>literam</span> <span class='ocrx_word' id='word_1_24' title='bbox 411 517 447 614; x_wconf 52' lang='grc' dir='ltr'>Β.</span> <span class='ocrx_word' id='word_1_25' title='bbox 491 535 604 598; x_wconf 84' lang='lat' dir='ltr'><strong>Deinde</strong></span> <span class='ocrx_word' id='word_1_26' title='bbox 629 539 724 620; x_wconf 88' lang='lat' dir='ltr'>aptior</span> <span class='ocrx_word' id='word_1_27' title='bbox 747 545 791 598; x_wconf 84' lang='lat' dir='ltr'>est</span> <span class='ocrx_word' id='word_1_28' title='bbox 819 537 868 597; x_wconf 88' lang='lat' dir='ltr'>hio</span> <span class='ocrx_word' id='word_1_29' title='bbox 891 555 1000 612; x_wconf 85' lang='lat' dir='ltr'>sensns,</span> <span class='ocrx_word' id='word_1_30' title='bbox 1019 533 1125 616; x_wconf 86' lang='lat' dir='ltr'>linguis</span> <span class='ocrx_word' id='word_1_31' title='bbox 1142 537 1203 596; x_wconf 86' lang='lat' dir='ltr'>suis</span> <span class='ocrx_word' id='word_1_32' title='bbox 1227 538 1272 596; x_wconf 89' lang='lat' dir='ltr'>in·</span> 
     </span>
     <span class='ocr_line' id='line_1_5' title="bbox 129 615 1274 776; baseline -0.004 -14"><span class='ocrx_word' id='word_1_33' title='bbox 129 615 1196 776; x_wconf 56' lang='lat' dir='ltr'>ddttttptttffi‘rttttttttttttthtttttt</span> <span class='ocrx_word' id='word_1_34' title='bbox 1210 617 1274 678; x_wconf 71' lang='lat'><strong>‘¹¹⁵⁸</strong></span> 
     </span>
    </p>
   </div>
   <div class='ocr_carea' id='block_1_3' title="bbox 104 867 1276 1282">
    <p class='ocr_par' dir='ltr' id='par_1_3' title="bbox 104 867 1276 1282">
     <span class='ocr_line' id='line_1_6' title="bbox 104 867 1275 964; baseline -0.003 -23"><span class='ocrx_word' id='word_1_35' title='bbox 104 881 107 887; x_wconf 82' lang='grc'><strong>“</strong></span> <span class='ocrx_word' id='word_1_36' title='bbox 218 872 250 940; x_wconf 87' lang='grc'>6.</span> <span class='ocrx_word' id='word_1_37' title='bbox 272 869 406 962; x_wconf 81' lang='lat' dir='ltr'>Propter</span> <span class='ocrx_word' id='word_1_38' title='bbox 427 870 635 939; x_wconf 87' lang='lat' dir='ltr'>vastationem</span> <span class='ocrx_word' id='word_1_39' title='bbox 656 873 799 964; x_wconf 85' lang='lat' dir='ltr'>inopum,</span> <span class='ocrx_word' id='word_1_40' title='bbox 825 880 955 962; x_wconf 88' lang='lat' dir='ltr'>propter</span> <span class='ocrx_word' id='word_1_41' title='bbox 981 867 1134 962; x_wconf 75' lang='lat' dir='ltr'>gemitum</span> <span class='ocrx_word' id='word_1_42' title='bbox 1154 891 1275 960; x_wconf 84' lang='lat' dir='ltr'>paupe·</span> 
     </span>
     <span class='ocr_line' id='line_1_7' title="bbox 132 963 1276 1069; baseline -0.005 -21"><span class='ocrx_word' id='word_1_43' title='bbox 132 1003 204 1048; x_wconf 81' lang='lat' dir='ltr'>mm</span> <span class='ocrx_word' id='word_1_44' title='bbox 225 1001 312 1046; x_wconf 88' lang='lat' dir='ltr'>nunc</span> <span class='ocrx_word' id='word_1_45' title='bbox 322 999 500 1069; x_wconf 84' lang='lat' dir='ltr'>exsurgam,</span> <span class='ocrx_word' id='word_1_46' title='bbox 523 975 606 1044; x_wconf 85' lang='lat' dir='ltr'>dicet</span> <span class='ocrx_word' id='word_1_47' title='bbox 626 963 759 1061; x_wconf 84' lang='lat' dir='ltr'>lehova3</span> <span class='ocrx_word' id='word_1_48' title='bbox 780 975 954 1069; x_wconf 84' lang='lat' dir='ltr'>ponamin</span> <span class='ocrx_word' id='word_1_49' title='bbox 976 973 1077 1050; x_wconf 86' lang='lat' dir='ltr'>salute</span> <span class='ocrx_word' id='word_1_50' title='bbox 1089 999 1186 1066; x_wconf 89' lang='lat' dir='ltr'>quem</span> <span class='ocrx_word' id='word_1_51' title='bbox 1208 973 1276 1042; x_wconf 89' lang='lat' dir='ltr'>illa·</span> 
     </span>
     <span class='ocr_line' id='line_1_8' title="bbox 132 1079 1275 1177; baseline -0.005 -23"><span class='ocrx_word' id='word_1_52' title='bbox 132 1094 237 1177; x_wconf 88' lang='lat' dir='ltr'>queat.</span> <span class='ocrx_word' id='word_1_53' title='bbox 282 1083 313 1152; x_wconf 89' lang='grc'>7.</span> <span class='ocrx_word' id='word_1_54' title='bbox 334 1081 471 1174; x_wconf 79' lang='lat' dir='ltr'><strong>Eloquia</strong></span> <span class='ocrx_word' id='word_1_55' title='bbox 491 1081 609 1160; x_wconf 84' lang='lat' dir='ltr'>lehovn</span> <span class='ocrx_word' id='word_1_56' title='bbox 636 1083 762 1174; x_wconf 84' lang='lat' dir='ltr'>eloquia</span> <span class='ocrx_word' id='word_1_57' title='bbox 788 1107 883 1175; x_wconf 69' lang='lat' dir='ltr'>purae</span> <span class='ocrx_word' id='word_1_58' title='bbox 909 1090 1076 1174; x_wconf 84' lang='lat' dir='ltr'>argentum</span> <span class='ocrx_word' id='word_1_59' title='bbox 1102 1079 1210 1172; x_wconf 79' lang='lat' dir='ltr'>ipsum</span> <span class='ocrx_word' id='word_1_60' title='bbox 1237 1080 1275 1148; x_wconf 90' lang='lat' dir='ltr'>in</span> 
     </span>
     <span class='ocr_line' id='line_1_9' title="bbox 132 1189 846 1282; baseline -0.004 -23"><span class='ocrx_word' id='word_1_61' title='bbox 132 1191 252 1260; x_wconf 86' lang='lat' dir='ltr'>exiurio</span> <span class='ocrx_word' id='word_1_62' title='bbox 274 1189 377 1258; x_wconf 82' lang='lat' dir='ltr'>eetino</span> <span class='ocrx_word' id='word_1_63' title='bbox 397 1198 508 1273; x_wconf 82' lang='lat' dir='ltr'>terrae,</span> <span class='ocrx_word' id='word_1_64' title='bbox 529 1199 698 1282; x_wconf 84' lang='lat' dir='ltr'>purgatum</span> <span class='ocrx_word' id='word_1_65' title='bbox 719 1189 846 1282; x_wconf 85' lang='lat' dir='ltr'>septies.</span> 
     </span>
    </p>
   </div>
   <div class='ocr_carea' id='block_1_4' title="bbox 181 1301 1274 1416">
    <p class='ocr_par' dir='ltr' id='par_1_4' title="bbox 181 1301 1274 1416">
     <span class='ocr_line' id='line_1_10' title="bbox 181 1301 1274 1416; baseline -0.005 -18"><span class='ocrx_word' id='word_1_66' title='bbox 181 1361 185 1368; x_wconf 95' lang='lat'>·</span> <span class='ocrx_word' id='word_1_67' title='bbox 212 1337 242 1398; x_wconf 88' lang='grc'>6.</span> <span class='ocrx_word' id='word_1_68' title='bbox 261 1301 395 1416; x_wconf 82' lang='lat' dir='ltr'>Propter</span> <span class='ocrx_word' id='word_1_69' title='bbox 411 1341 614 1396; x_wconf 59' lang='lat' dir='ltr'>marturiense.</span> <span class='ocrx_word' id='word_1_70' title='bbox 652 1333 713 1394; x_wconf 83' lang='lat' dir='ltr'>lem</span> <span class='ocrx_word' id='word_1_71' title='bbox 737 1333 790 1396; x_wconf 89' lang='lat' dir='ltr'>sibi</span> <span class='ocrx_word' id='word_1_72' title='bbox 813 1335 960 1396; x_wconf 84' lang='lat' dir='ltr'>materiam</span> <span class='ocrx_word' id='word_1_73' title='bbox 984 1309 1185 1394; x_wconf 79' lang='lat' dir='ltr'>consolationis</span> <span class='ocrx_word' id='word_1_74' title='bbox 1204 1351 1274 1412; x_wconf 88' lang='lat' dir='ltr'>pro-</span> 
     </span>
    </p>
   </div>
   <div class='ocr_carea' id='block_1_5' title="bbox 104 1411 1282 1827">
    <p class='ocr_par' dir='ltr' id='par_1_5' title="bbox 104 1411 1282 1827">
     <span class='ocr_line' id='line_1_11' title="bbox 125 1411 1275 1514; baseline -0.005 -38"><span class='ocrx_word' id='word_1_75' title='bbox 125 1415 216 1514; x_wconf 79' lang='lat' dir='ltr'>ponit</span> <span class='ocrx_word' id='word_1_76' title='bbox 234 1413 340 1510; x_wconf 72' lang='lat' dir='ltr'>David,</span> <span class='ocrx_word' id='word_1_77' title='bbox 419 1414 438 1474; x_wconf 91' lang='lat' dir='ltr'>d</span> <span class='ocrx_word' id='word_1_78' title='bbox 457 1433 517 1474; x_wconf 91' lang='lat' dir='ltr'>nnn</span> <span class='ocrx_word' id='word_1_79' title='bbox 536 1433 677 1510; x_wconf 40' lang='lat' dir='ltr'>passuros·</span> <span class='ocrx_word' id='word_1_80' title='bbox 690 1413 828 1511; x_wconf 31' lang='lat' dir='ltr'>situDene</span> <span class='ocrx_word' id='word_1_81' title='bbox 846 1415 951 1509; x_wconf 74' lang='lat' dir='ltr'>impios</span> <span class='ocrx_word' id='word_1_82' title='bbox 974 1413 1035 1472; x_wconf 88' lang='lat' dir='ltr'>sine</span> <span class='ocrx_word' id='word_1_83' title='bbox 1053 1411 1112 1508; x_wconf 71' lang='lat' dir='ltr'>bne</span> <span class='ocrx_word' id='word_1_84' title='bbox 1134 1417 1165 1470; x_wconf 88' lang='lat' dir='ltr'>et</span> <span class='ocrx_word' id='word_1_85' title='bbox 1181 1411 1275 1472; x_wconf 87' lang='lat' dir='ltr'>modo</span> 
     </span>
     <span class='ocr_line' id='line_1_12' title="bbox 104 1489 1282 1654; baseline -0.005 -19"><span class='ocrx_word' id='word_1_86' title='bbox 104 1531 106 1542; x_wconf 72' lang='lat'><strong><em>‘</em></strong></span> <span class='ocrx_word' id='word_1_87' title='bbox 134 1503 321 1649; x_wconf 60' lang='lat' dir='ltr'>tffitt</span> <span class='ocrx_word' id='word_1_88' title='bbox 337 1493 762 1654; x_wconf 59' lang='lat' dir='ltr'>..ffittttttttt</span> <span class='ocrx_word' id='word_1_89' title='bbox 780 1489 1282 1651; x_wconf 54' lang='lat' dir='ltr'>hiitdfflitiffifflffl?</span> 
     </span>
     <span class='ocr_line' id='line_1_13' title="bbox 133 1651 1273 1733; baseline -0.004 -19"><span class='ocrx_word' id='word_1_90' title='bbox 133 1655 234 1727; x_wconf 84' lang='lat' dir='ltr'>tinum,</span> <span class='ocrx_word' id='word_1_91' title='bbox 252 1652 302 1722; x_wconf 84' lang='lat' dir='ltr'>ubi</span> <span class='ocrx_word' id='word_1_92' title='bbox 320 1653 350 1712; x_wconf 91' lang='lat' dir='ltr'>in</span> <span class='ocrx_word' id='word_1_93' title='bbox 370 1652 496 1712; x_wconf 88' lang='lat' dir='ltr'>medinm</span> <span class='ocrx_word' id='word_1_94' title='bbox 514 1651 610 1733; x_wconf 78' lang='lat' dir='ltr'>prodit</span> <span class='ocrx_word' id='word_1_95' title='bbox 628 1651 719 1728; x_wconf 89' lang='lat' dir='ltr'>Deus,</span> <span class='ocrx_word' id='word_1_96' title='bbox 737 1659 768 1714; x_wconf 87' lang='lat' dir='ltr'>et</span> <span class='ocrx_word' id='word_1_97' title='bbox 787 1672 838 1714; x_wconf 92' lang='lat' dir='ltr'>ore</span> <span class='ocrx_word' id='word_1_98' title='bbox 856 1671 910 1712; x_wconf 91' lang='lat' dir='ltr'>suo</span> <span class='ocrx_word' id='word_1_99' title='bbox 934 1651 1114 1711; x_wconf 85' lang='lat' dir='ltr'>liberatorem</span> <span class='ocrx_word' id='word_1_100' title='bbox 1136 1667 1166 1710; x_wconf 92' lang='lat' dir='ltr'>se</span> <span class='ocrx_word' id='word_1_101' title='bbox 1183 1651 1273 1711; x_wconf 84' lang='lat' dir='ltr'>mise-</span> 
     </span>
     <span class='ocr_line' id='line_1_14' title="bbox 136 1728 1270 1827; baseline -0.004 -34"><span class='ocrx_word' id='word_1_102' title='bbox 136 1733 176 1793; x_wconf 87' lang='lat' dir='ltr'>ris</span> <span class='ocrx_word' id='word_1_103' title='bbox 205 1732 305 1792; x_wconf 85' lang='lat' dir='ltr'>adesse</span> <span class='ocrx_word' id='word_1_104' title='bbox 334 1733 508 1827; x_wconf 87' lang='lat' dir='ltr'>pronuntiat.</span> <span class='ocrx_word' id='word_1_105' title='bbox 533 1730 638 1792; x_wconf 81' lang='lat' dir='ltr'>Subest</span> <span class='ocrx_word' id='word_1_106' title='bbox 668 1733 755 1794; x_wconf 83' lang='lat' dir='ltr'>etiam</span> <span class='ocrx_word' id='word_1_107' title='bbox 784 1751 887 1812; x_wconf 86' lang='lat' dir='ltr'>magna</span> <span class='ocrx_word' id='word_1_108' title='bbox 915 1729 1057 1811; x_wconf 83' lang='lat' dir='ltr'>emphasis</span> <span class='ocrx_word' id='word_1_109' title='bbox 1086 1733 1116 1791; x_wconf 91' lang='lat' dir='ltr'>in</span> <span class='ocrx_word' id='word_1_110' title='bbox 1135 1728 1270 1789; x_wconf 73' lang='lat' dir='ltr'>adverbio</span> 
     </span>
    </p>
   </div>
   <div class='ocr_carea' id='block_1_6' title="bbox 32 1809 1272 1893">
    <p class='ocr_par' dir='ltr' id='par_1_6' title="bbox 32 1809 1272 1893">
     <span class='ocr_line' id='line_1_15' title="bbox 32 1809 1272 1893; baseline -0.002 -21"><span class='ocrx_word' id='word_1_111' title='bbox 32 1853 42 1874; x_wconf 47' lang='grc' dir='ltr'><strong>ι</strong></span> <span class='ocrx_word' id='word_1_112' title='bbox 134 1833 225 1886; x_wconf 75' lang='lat' dir='ltr'>none,</span> <span class='ocrx_word' id='word_1_113' title='bbox 245 1830 304 1891; x_wconf 92' lang='lat' dir='ltr'>qno</span> <span class='ocrx_word' id='word_1_114' title='bbox 323 1811 463 1892; x_wconf 74' lang='lat' dir='ltr'>signifieat</span> <span class='ocrx_word' id='word_1_115' title='bbox 479 1809 563 1870; x_wconf 88' lang='lat' dir='ltr'>Deus</span> <span class='ocrx_word' id='word_1_116' title='bbox 580 1811 703 1871; x_wconf 65' lang='lat' dir='ltr'>saluum</span> <span class='ocrx_word' id='word_1_117' title='bbox 723 1813 799 1893; x_wconf 91' lang='lat' dir='ltr'>apud</span> <span class='ocrx_word' id='word_1_118' title='bbox 819 1832 850 1872; x_wconf 89' lang='lat' dir='ltr'>se</span> <span class='ocrx_word' id='word_1_119' title='bbox 868 1811 951 1871; x_wconf 89' lang='lat' dir='ltr'>nobis</span> <span class='ocrx_word' id='word_1_120' title='bbox 969 1811 1009 1870; x_wconf 90' lang='lat' dir='ltr'>ita</span> <span class='ocrx_word' id='word_1_121' title='bbox 1028 1819 1090 1870; x_wconf 81' lang='lat' dir='ltr'>esse</span> <span class='ocrx_word' id='word_1_122' title='bbox 1108 1809 1272 1890; x_wconf 73' lang='lat' dir='ltr'>repositam,</span> 
     </span>
    </p>
   </div>
   <div class='ocr_carea' id='block_1_7' title="bbox 135 1887 1332 2365">
    <p class='ocr_par' dir='ltr' id='par_1_7' title="bbox 135 1887 1332 2365">
     <span class='ocr_line' id='line_1_16' title="bbox 135 1887 1275 1972; baseline -0.004 -20"><span class='ocrx_word' id='word_1_123' title='bbox 135 1897 248 1952; x_wconf 89' lang='lat' dir='ltr'>utnon</span> <span class='ocrx_word' id='word_1_124' title='bbox 267 1891 364 1952; x_wconf 81' lang='lat' dir='ltr'>stetim</span> <span class='ocrx_word' id='word_1_125' title='bbox 383 1909 447 1950; x_wconf 85' lang='lat' dir='ltr'>eam</span> <span class='ocrx_word' id='word_1_126' title='bbox 466 1889 600 1972; x_wconf 76' lang='lat' dir='ltr'>proferat,</span> <span class='ocrx_word' id='word_1_127' title='bbox 620 1909 651 1950; x_wconf 88' lang='lat' dir='ltr'>se</span> <span class='ocrx_word' id='word_1_128' title='bbox 670 1893 746 1952; x_wconf 88' lang='lat' dir='ltr'>euim</span> <span class='ocrx_word' id='word_1_129' title='bbox 770 1891 908 1952; x_wconf 86' lang='lat' dir='ltr'>haetenus</span> <span class='ocrx_word' id='word_1_130' title='bbox 931 1891 1051 1950; x_wconf 83' lang='lat' dir='ltr'>iacuisse</span> <span class='ocrx_word' id='word_1_131' title='bbox 1075 1887 1275 1965; x_wconf 50' lang='lat' dir='ltr'>dioitsdonee</span> 
     </span>
     <span class='ocr_line' id='line_1_17' title="bbox 136 1967 1332 2052; baseline 0.002 -22"><span class='ocrx_word' id='word_1_132' title='bbox 136 1989 256 2030; x_wconf 88' lang='lat' dir='ltr'>suorum</span> <span class='ocrx_word' id='word_1_133' title='bbox 285 1970 406 2030; x_wconf 85' lang='lat' dir='ltr'>miseriis</span> <span class='ocrx_word' id='word_1_134' title='bbox 433 1977 464 2030; x_wconf 91' lang='lat' dir='ltr'>et</span> <span class='ocrx_word' id='word_1_135' title='bbox 488 1969 659 2031; x_wconf 84' lang='lat' dir='ltr'>elamoribus</span> <span class='ocrx_word' id='word_1_136' title='bbox 684 1975 899 2052; x_wconf 81' lang='lat' dir='ltr'>expergefaetus</span> <span class='ocrx_word' id='word_1_137' title='bbox 924 1969 1019 2030; x_wconf 82' lang='lat' dir='ltr'>inerit.</span> <span class='ocrx_word' id='word_1_138' title='bbox 1057 1967 1135 2050; x_wconf 85' lang='lat' dir='ltr'>Ergo</span> <span class='ocrx_word' id='word_1_139' title='bbox 1159 1968 1276 2048; x_wconf 75' lang='lat' dir='ltr'>quoties</span> <span class='ocrx_word' id='word_1_140' title='bbox 1329 1971 1332 1975; x_wconf 79' lang='grc'><strong>’</strong></span> 
     </span>
     <span class='ocr_line' id='line_1_18' title="bbox 136 2047 1276 2130; baseline -0.002 -20"><span class='ocrx_word' id='word_1_141' title='bbox 136 2050 256 2111; x_wconf 84' lang='lat' dir='ltr'>iniuriae</span> <span class='ocrx_word' id='word_1_142' title='bbox 274 2047 415 2125; x_wconf 85' lang='lat' dir='ltr'>boetium,</span> <span class='ocrx_word' id='word_1_143' title='bbox 443 2049 574 2129; x_wconf 87' lang='lat' dir='ltr'>rapinae,</span> <span class='ocrx_word' id='word_1_144' title='bbox 597 2057 627 2110; x_wconf 94' lang='lat' dir='ltr'>et</span> <span class='ocrx_word' id='word_1_145' title='bbox 655 2052 828 2112; x_wconf 72' lang='lat' dir='ltr'>vastationes</span> <span class='ocrx_word' id='word_1_146' title='bbox 852 2047 924 2109; x_wconf 89' lang='lat' dir='ltr'>nihil</span> <span class='ocrx_word' id='word_1_147' title='bbox 948 2049 1031 2109; x_wconf 85' lang='lat' dir='ltr'>nobis</span> <span class='ocrx_word' id='word_1_148' title='bbox 1053 2054 1168 2130; x_wconf 85' lang='lat' dir='ltr'>praeter</span> <span class='ocrx_word' id='word_1_149' title='bbox 1191 2048 1276 2108; x_wconf 80' lang='lat' dir='ltr'>leeri-</span> 
     </span>
     <span class='ocr_line' id='line_1_19' title="bbox 136 2128 1276 2210; baseline -0.006 -17"><span class='ocrx_word' id='word_1_150' title='bbox 136 2149 199 2192; x_wconf 82' lang='lat' dir='ltr'>mas</span> <span class='ocrx_word' id='word_1_151' title='bbox 228 2135 259 2189; x_wconf 90' lang='lat' dir='ltr'>et</span> <span class='ocrx_word' id='word_1_152' title='bbox 285 2130 407 2210; x_wconf 80' lang='lat' dir='ltr'>gemitus</span> <span class='ocrx_word' id='word_1_153' title='bbox 426 2128 568 2208; x_wconf 88' lang='lat' dir='ltr'>reliquum</span> <span class='ocrx_word' id='word_1_154' title='bbox 591 2128 710 2205; x_wconf 77' lang='lat' dir='ltr'>sacient,</span> <span class='ocrx_word' id='word_1_155' title='bbox 734 2130 946 2192; x_wconf 73' lang='lat' dir='ltr'>meminerimus</span> <span class='ocrx_word' id='word_1_156' title='bbox 965 2131 1022 2189; x_wconf 89' lang='lat' dir='ltr'>iam</span> <span class='ocrx_word' id='word_1_157' title='bbox 1042 2129 1139 2188; x_wconf 83' lang='lat' dir='ltr'>edesse</span> <span class='ocrx_word' id='word_1_158' title='bbox 1157 2132 1276 2208; x_wconf 84' lang='lat' dir='ltr'>tempus</span> 
     </span>
     <span class='ocr_line' id='line_1_20' title="bbox 138 2207 1276 2290; baseline -0.001 -21"><span class='ocrx_word' id='word_1_159' title='bbox 138 2229 197 2290; x_wconf 88' lang='lat' dir='ltr'>quo</span> <span class='ocrx_word' id='word_1_160' title='bbox 221 2207 303 2268; x_wconf 90' lang='lat' dir='ltr'>Deus</span> <span class='ocrx_word' id='word_1_161' title='bbox 327 2207 363 2268; x_wconf 91' lang='lat' dir='ltr'>ad</span> <span class='ocrx_word' id='word_1_162' title='bbox 388 2207 524 2268; x_wconf 83' lang='lat' dir='ltr'>iudieiurn</span> <span class='ocrx_word' id='word_1_163' title='bbox 545 2227 662 2289; x_wconf 77' lang='lat' dir='ltr'>surgere</span> <span class='ocrx_word' id='word_1_164' title='bbox 682 2210 758 2270; x_wconf 84' lang='lat' dir='ltr'>velit.</span> <span class='ocrx_word' id='word_1_165' title='bbox 798 2209 878 2270; x_wconf 84' lang='lat' dir='ltr'>Haec</span> <span class='ocrx_word' id='word_1_166' title='bbox 896 2209 997 2269; x_wconf 82' lang='lat' dir='ltr'>eadem</span> <span class='ocrx_word' id='word_1_167' title='bbox 1015 2207 1144 2269; x_wconf 81' lang='lat' dir='ltr'>doctrina</span> <span class='ocrx_word' id='word_1_168' title='bbox 1162 2207 1276 2268; x_wconf 84' lang='lat' dir='ltr'>animos</span> 
     </span>
     <span class='ocr_line' id='line_1_21' title="bbox 137 2276 1277 2365; baseline -0.002 -17"><span class='ocrx_word' id='word_1_169' title='bbox 137 2293 252 2348; x_wconf 87' lang='lat' dir='ltr'>nostros</span> <span class='ocrx_word' id='word_1_170' title='bbox 275 2286 313 2348; x_wconf 90' lang='lat' dir='ltr'>ad</span> <span class='ocrx_word' id='word_1_171' title='bbox 341 2276 522 2348; x_wconf 72' lang='lat' dir='ltr'>toldrantiam</span> <span class='ocrx_word' id='word_1_172' title='bbox 549 2287 673 2350; x_wconf 80' lang='lat' dir='ltr'>formare</span> <span class='ocrx_word' id='word_1_173' title='bbox 697 2289 794 2365; x_wconf 86' lang='lat' dir='ltr'>debet,</span> <span class='ocrx_word' id='word_1_174' title='bbox 813 2309 850 2351; x_wconf 89' lang='lat' dir='ltr'>ne</span> <span class='ocrx_word' id='word_1_175' title='bbox 869 2289 1024 2348; x_wconf 86' lang='lat' dir='ltr'>molestum</span> <span class='ocrx_word' id='word_1_176' title='bbox 1042 2287 1124 2348; x_wconf 89' lang='lat' dir='ltr'>nobis</span> <span class='ocrx_word' id='word_1_177' title='bbox 1144 2287 1181 2346; x_wconf 88' lang='lat' dir='ltr'>sit</span> <span class='ocrx_word' id='word_1_178' title='bbox 1199 2287 1277 2346; x_wconf 87' lang='lat' dir='ltr'>inter</span> 
     </span>
    </p>
   </div>
   <div class='ocr_carea' id='block_1_8' title="bbox 45 2367 1276 2449">
    <p class='ocr_par' dir='ltr' id='par_1_8' title="bbox 45 2367 1276 2449">
     <span class='ocr_line' id='line_1_22' title="bbox 45 2367 1276 2449; baseline 0.002 -25"><span class='ocrx_word' id='word_1_179' title='bbox 45 2400 51 2424; x_wconf 69' lang='grc' dir='ltr'><strong>ι</strong></span> <span class='ocrx_word' id='word_1_180' title='bbox 138 2369 259 2428; x_wconf 78' lang='lat' dir='ltr'>miseros</span> <span class='ocrx_word' id='word_1_181' title='bbox 283 2373 314 2427; x_wconf 87' lang='lat' dir='ltr'>et</span> <span class='ocrx_word' id='word_1_182' title='bbox 332 2368 431 2448; x_wconf 83' lang='lat' dir='ltr'>inopes</span> <span class='ocrx_word' id='word_1_183' title='bbox 449 2369 571 2441; x_wconf 81' lang='lat' dir='ltr'>censeri,</span> <span class='ocrx_word' id='word_1_184' title='bbox 590 2389 714 2449; x_wconf 89' lang='lat' dir='ltr'>qnorum</span> <span class='ocrx_word' id='word_1_185' title='bbox 733 2367 815 2430; x_wconf 84' lang='lat' dir='ltr'>Deus</span> <span class='ocrx_word' id='word_1_186' title='bbox 834 2387 866 2430; x_wconf 86' lang='lat' dir='ltr'>se</span> <span class='ocrx_word' id='word_1_187' title='bbox 883 2368 1025 2429; x_wconf 77' lang='lat' dir='ltr'>vindicem</span> <span class='ocrx_word' id='word_1_188' title='bbox 1043 2368 1105 2428; x_wconf 85' lang='lat' dir='ltr'>sore</span> <span class='ocrx_word' id='word_1_189' title='bbox 1124 2367 1276 2447; x_wconf 83' lang='lat' dir='ltr'>promittit.</span> 
     </span>
    </p>
   </div>
   <div class='ocr_carea' id='block_1_9' title="bbox 2 2445 1368 3726">
    <p class='ocr_par' dir='ltr' id='par_1_9' title="bbox 2 2445 1368 3485">
     <span class='ocr_line' id='line_1_23' title="bbox 137 2445 1278 2530; baseline -0.002 -22"><span class='ocrx_word' id='word_1_190' title='bbox 137 2447 172 2508; x_wconf 87' lang='grc' dir='ltr'>Ιιι</span> <span class='ocrx_word' id='word_1_191' title='bbox 200 2447 326 2507; x_wconf 87' lang='lat' dir='ltr'>seeundo</span> <span class='ocrx_word' id='word_1_192' title='bbox 359 2445 488 2508; x_wconf 89' lang='lat' dir='ltr'>membro</span> <span class='ocrx_word' id='word_1_193' title='bbox 511 2466 612 2508; x_wconf 86' lang='lat' dir='ltr'>versus</span> <span class='ocrx_word' id='word_1_194' title='bbox 638 2450 750 2510; x_wconf 84' lang='lat' dir='ltr'>variant</span> <span class='ocrx_word' id='word_1_195' title='bbox 773 2451 951 2530; x_wconf 75' lang='lat' dir='ltr'>interpretes.</span> <span class='ocrx_word' id='word_1_196' title='bbox 991 2451 1108 2509; x_wconf 80' lang='lat' dir='ltr'>Ponere</span> <span class='ocrx_word' id='word_1_197' title='bbox 1127 2454 1160 2506; x_wconf 79' lang='lat' dir='ltr'>irs</span> <span class='ocrx_word' id='word_1_198' title='bbox 1178 2448 1278 2517; x_wconf 72' lang='lat' dir='ltr'>solute</span> 
     </span>
     <span class='ocr_line' id='line_1_24' title="bbox 138 2525 1278 2606; baseline -0.003 -18"><span class='ocrx_word' id='word_1_199' title='bbox 138 2527 283 2588; x_wconf 87' lang='lat' dir='ltr'>nonnullis</span> <span class='ocrx_word' id='word_1_200' title='bbox 302 2527 469 2603; x_wconf 84' lang='lat' dir='ltr'>tantundem</span> <span class='ocrx_word' id='word_1_201' title='bbox 477 2525 554 2588; x_wconf 84' lang='lat' dir='ltr'>valet</span> <span class='ocrx_word' id='word_1_202' title='bbox 573 2546 607 2589; x_wconf 90' lang='lat' dir='ltr'>ae</span> <span class='ocrx_word' id='word_1_203' title='bbox 627 2529 747 2590; x_wconf 86' lang='lat' dir='ltr'>salntem</span> <span class='ocrx_word' id='word_1_204' title='bbox 767 2529 835 2590; x_wconf 87' lang='lat' dir='ltr'>dare</span> <span class='ocrx_word' id='word_1_205' title='bbox 853 2529 902 2588; x_wconf 82' lang='lat' dir='ltr'>vel</span> <span class='ocrx_word' id='word_1_206' title='bbox 920 2529 1030 2600; x_wconf 83' lang='lat' dir='ltr'>efferre,</span> <span class='ocrx_word' id='word_1_207' title='bbox 1050 2528 1108 2588; x_wconf 81' lang='lat' dir='ltr'>aeri</span> <span class='ocrx_word' id='word_1_208' title='bbox 1127 2539 1155 2604; x_wconf 64' lang='grc' dir='ltr'><strong><em>ῃ</em></strong></span> <span class='ocrx_word' id='word_1_209' title='bbox 1175 2544 1278 2606; x_wconf 89' lang='lat' dir='ltr'>super·</span> 
     </span>
     <span class='ocr_line' id='line_1_25' title="bbox 129 2605 1277 2692; baseline -0.002 -24"><span class='ocrx_word' id='word_1_210' title='bbox 129 2625 265 2684; x_wconf 19' lang='lat' dir='ltr'>*vaenum</span> <span class='ocrx_word' id='word_1_211' title='bbox 287 2612 377 2676; x_wconf 84' lang='lat' dir='ltr'>esset,</span> <span class='ocrx_word' id='word_1_212' title='bbox 406 2605 457 2667; x_wconf 86' lang='lat' dir='ltr'>sed</span> <span class='ocrx_word' id='word_1_213' title='bbox 484 2608 580 2688; x_wconf 87' lang='lat' dir='ltr'>potins</span> <span class='ocrx_word' id='word_1_214' title='bbox 608 2609 711 2670; x_wconf 85' lang='lat' dir='ltr'>iniuste</span> <span class='ocrx_word' id='word_1_215' title='bbox 740 2609 883 2692; x_wconf 83' lang='lat' dir='ltr'>oppressis</span> <span class='ocrx_word' id='word_1_216' title='bbox 910 2613 1052 2668; x_wconf 86' lang='lat' dir='ltr'>restrtntro</span> <span class='ocrx_word' id='word_1_217' title='bbox 1076 2627 1107 2668; x_wconf 88' lang='grc' dir='ltr'>ιιι</span> <span class='ocrx_word' id='word_1_218' title='bbox 1130 2611 1277 2686; x_wconf 78' lang='lat' dir='ltr'>integrum</span> 
     </span>
     <span class='ocr_line' id='line_1_26' title="bbox 160 2684 1368 2768; baseline -0.001 -22"><span class='ocrx_word' id='word_1_219' title='bbox 160 2686 324 2747; x_wconf 86' lang='lat' dir='ltr'>remittitur.</span> <span class='ocrx_word' id='word_1_220' title='bbox 363 2684 422 2746; x_wconf 85' lang='lat' dir='ltr'>Sed</span> <span class='ocrx_word' id='word_1_221' title='bbox 451 2687 530 2767; x_wconf 88' lang='lat' dir='ltr'>quod</span> <span class='ocrx_word' id='word_1_222' title='bbox 558 2689 701 2768; x_wconf 88' lang='lat' dir='ltr'>sequitur,</span> <span class='ocrx_word' id='word_1_223' title='bbox 728 2689 795 2768; x_wconf 89' lang='lat' dir='ltr'>plns</span> <span class='ocrx_word' id='word_1_224' title='bbox 826 2685 1000 2748; x_wconf 85' lang='lat' dir='ltr'>diliioultatis</span> <span class='ocrx_word' id='word_1_225' title='bbox 1024 2688 1110 2746; x_wconf 88' lang='lat' dir='ltr'>inse</span> <span class='ocrx_word' id='word_1_226' title='bbox 1139 2686 1277 2746; x_wconf 82' lang='lat' dir='ltr'>eontinet.</span> <span class='ocrx_word' id='word_1_227' title='bbox 1358 2717 1368 2735; x_wconf 67' lang='grc' dir='ltr'><strong>ι</strong></span> 
     </span>
     <span class='ocr_line' id='line_1_27' title="bbox 138 2707 1280 2860; baseline -0.001 -35"><span class='ocrx_word' id='word_1_228' title='bbox 138 2707 270 2826; x_wconf 70' lang='lat' dir='ltr'>l&#39;erbum</span> <span class='ocrx_word' id='word_1_229' title='bbox 294 2775 361 2842; x_wconf 72' lang='lat' dir='ltr'>mn</span> <span class='ocrx_word' id='word_1_230' title='bbox 380 2785 458 2827; x_wconf 90' lang='lat' dir='ltr'>nune</span> <span class='ocrx_word' id='word_1_231' title='bbox 476 2767 606 2841; x_wconf 82' lang='lat' dir='ltr'>sufflare,</span> <span class='ocrx_word' id='word_1_232' title='bbox 624 2787 702 2828; x_wconf 89' lang='lat' dir='ltr'>nune</span> <span class='ocrx_word' id='word_1_233' title='bbox 724 2769 892 2849; x_wconf 80' lang='lat' dir='ltr'>illaqueare,</span> <span class='ocrx_word' id='word_1_234' title='bbox 916 2765 1060 2827; x_wconf 86' lang='lat' dir='ltr'>interdum</span> <span class='ocrx_word' id='word_1_235' title='bbox 1083 2765 1172 2834; x_wconf 78' lang='lat' dir='ltr'>etiam</span> <span class='ocrx_word' id='word_1_236' title='bbox 1194 2763 1280 2860; x_wconf 92' lang='lat' dir='ltr'>loqui</span> 
     </span>
     <span class='ocr_line' id='line_1_28' title="bbox 141 2843 1279 2930; baseline -0.003 -23"><span class='ocrx_word' id='word_1_237' title='bbox 141 2844 291 2927; x_wconf 81' lang='lat' dir='ltr'>signifieat.</span> <span class='ocrx_word' id='word_1_238' title='bbox 312 2843 372 2924; x_wconf 82' lang='lat' dir='ltr'>Qui</span> <span class='ocrx_word' id='word_1_239' title='bbox 391 2866 446 2926; x_wconf 89' lang='lat' dir='ltr'>pro</span> <span class='ocrx_word' id='word_1_240' title='bbox 465 2843 561 2927; x_wconf 82' lang='lat' dir='ltr'>Loqui</span> <span class='ocrx_word' id='word_1_241' title='bbox 579 2845 636 2909; x_wconf 86' lang='lat' dir='ltr'>boe</span> <span class='ocrx_word' id='word_1_242' title='bbox 654 2847 720 2908; x_wconf 87' lang='lat' dir='ltr'>loeo</span> <span class='ocrx_word' id='word_1_243' title='bbox 739 2849 866 2930; x_wconf 83' lang='lat' dir='ltr'>positum</span> <span class='ocrx_word' id='word_1_244' title='bbox 883 2852 1000 2928; x_wconf 80' lang='lat' dir='ltr'>putent,</span> <span class='ocrx_word' id='word_1_245' title='bbox 1023 2845 1032 2905; x_wconf 92' lang='lat' dir='ltr'>i</span> <span class='ocrx_word' id='word_1_246' title='bbox 1068 2845 1078 2904; x_wconf 94' lang='lat' dir='ltr'>i</span> <span class='ocrx_word' id='word_1_247' title='bbox 1097 2864 1215 2926; x_wconf 89' lang='lat' dir='ltr'>queque</span> <span class='ocrx_word' id='word_1_248' title='bbox 1232 2863 1279 2904; x_wconf 86' lang='lat' dir='ltr'>rn-</span> 
     </span>
     <span class='ocr_line' id='line_1_29' title="bbox 141 2924 1280 3008; baseline -0.004 -20"><span class='ocrx_word' id='word_1_249' title='bbox 141 2933 187 2988; x_wconf 86' lang='lat' dir='ltr'>ter</span> <span class='ocrx_word' id='word_1_250' title='bbox 210 2944 242 2985; x_wconf 88' lang='lat' dir='ltr'>se</span> <span class='ocrx_word' id='word_1_251' title='bbox 267 2925 444 2992; x_wconf 82' lang='lat' dir='ltr'>dissentiunt.</span> <span class='ocrx_word' id='word_1_252' title='bbox 488 2925 615 3004; x_wconf 83' lang='lat' dir='ltr'>Quidam</span> <span class='ocrx_word' id='word_1_253' title='bbox 639 2935 769 3003; x_wconf 74' lang='lat' dir='ltr'>vertunt,</span> <span class='ocrx_word' id='word_1_254' title='bbox 796 2925 942 3008; x_wconf 80' lang='lat' dir='ltr'>Loquetur</span> <span class='ocrx_word' id='word_1_255' title='bbox 964 2925 1019 2986; x_wconf 90' lang='lat' dir='ltr'>sibi</span> <span class='ocrx_word' id='word_1_256' title='bbox 1072 2943 1137 2997; x_wconf 83' lang='lat' dir='ltr'>ens,</span> <span class='ocrx_word' id='word_1_257' title='bbox 1156 2924 1213 2986; x_wconf 88' lang='lat' dir='ltr'>boo</span> <span class='ocrx_word' id='word_1_258' title='bbox 1230 2927 1280 2984; x_wconf 81' lang='lat' dir='ltr'>est</span> 
     </span>
     <span class='ocr_line' id='line_1_30' title="bbox 141 3003 1280 3088; baseline -0.001 -22"><span class='ocrx_word' id='word_1_259' title='bbox 141 3005 219 3088; x_wconf 85' lang='lat' dir='ltr'>apud</span> <span class='ocrx_word' id='word_1_260' title='bbox 242 3025 274 3067; x_wconf 88' lang='lat' dir='ltr'>se</span> <span class='ocrx_word' id='word_1_261' title='bbox 297 3006 444 3066; x_wconf 83' lang='lat' dir='ltr'>deeernet:</span> <span class='ocrx_word' id='word_1_262' title='bbox 468 3025 543 3086; x_wconf 88' lang='lat' dir='ltr'>quae</span> <span class='ocrx_word' id='word_1_263' title='bbox 566 3027 741 3088; x_wconf 73' lang='lat' dir='ltr'>supervacua</span> <span class='ocrx_word' id='word_1_264' title='bbox 765 3007 840 3068; x_wconf 86' lang='lat' dir='ltr'>ieret</span> <span class='ocrx_word' id='word_1_265' title='bbox 862 3026 898 3067; x_wconf 87' lang='lat' dir='ltr'>ae</span> <span class='ocrx_word' id='word_1_266' title='bbox 919 3005 1020 3088; x_wconf 81' lang='lat' dir='ltr'>frigida</span> <span class='ocrx_word' id='word_1_267' title='bbox 1044 3006 1188 3086; x_wconf 78' lang='lat' dir='ltr'>repetitio,</span> <span class='ocrx_word' id='word_1_268' title='bbox 1207 3003 1280 3084; x_wconf 82' lang='lat' dir='ltr'>qnia</span> 
     </span>
     <span class='ocr_line' id='line_1_31' title="bbox 138 3083 1280 3186; baseline -0.003 -40"><span class='ocrx_word' id='word_1_269' title='bbox 138 3087 200 3146; x_wconf 86' lang='lat' dir='ltr'>iem</span> <span class='ocrx_word' id='word_1_270' title='bbox 218 3085 357 3146; x_wconf 78' lang='lat' dir='ltr'>retulerat</span> <span class='ocrx_word' id='word_1_271' title='bbox 375 3084 432 3146; x_wconf 89' lang='lat' dir='ltr'>Dei</span> <span class='ocrx_word' id='word_1_272' title='bbox 450 3085 605 3146; x_wconf 82' lang='lat' dir='ltr'>decretum.</span> <span class='ocrx_word' id='word_1_273' title='bbox 634 3087 723 3186; x_wconf 80' lang='lat' dir='ltr'>blagis</span> <span class='ocrx_word' id='word_1_274' title='bbox 747 3089 833 3147; x_wconf 88' lang='lat' dir='ltr'>etiam</span> <span class='ocrx_word' id='word_1_275' title='bbox 851 3093 983 3148; x_wconf 78' lang='lat' dir='ltr'>eoaobrm</span> <span class='ocrx_word' id='word_1_276' title='bbox 1001 3091 1054 3160; x_wconf 76' lang='lat' dir='ltr'>est</span> <span class='ocrx_word' id='word_1_277' title='bbox 1074 3085 1153 3166; x_wconf 92' lang='lat' dir='ltr'>quod</span> <span class='ocrx_word' id='word_1_278' title='bbox 1171 3085 1220 3144; x_wconf 86' lang='lat' dir='ltr'>elii</span> <span class='ocrx_word' id='word_1_279' title='bbox 1238 3083 1280 3144; x_wconf 84' lang='lat' dir='ltr'>ed</span> 
     </span>
     <span class='ocr_line' id='line_1_32' title="bbox 142 3163 1279 3246; baseline -0.003 -20"><span class='ocrx_word' id='word_1_280' title='bbox 142 3165 298 3246; x_wconf 87' lang='lat' dir='ltr'>quemlibet</span> <span class='ocrx_word' id='word_1_281' title='bbox 336 3165 430 3224; x_wconf 84' lang='lat' dir='ltr'>iorum</span> <span class='ocrx_word' id='word_1_282' title='bbox 448 3165 588 3225; x_wconf 86' lang='lat' dir='ltr'>reierunt:</span> <span class='ocrx_word' id='word_1_283' title='bbox 616 3186 699 3245; x_wconf 83' lang='lat' dir='ltr'>quaer</span> <span class='ocrx_word' id='word_1_284' title='bbox 723 3165 820 3226; x_wconf 85' lang='lat' dir='ltr'>David</span> <span class='ocrx_word' id='word_1_285' title='bbox 848 3166 974 3225; x_wconf 83' lang='lat' dir='ltr'>vicissim</span> <span class='ocrx_word' id='word_1_286' title='bbox 1000 3166 1079 3246; x_wconf 87' lang='lat' dir='ltr'>ipsos</span> <span class='ocrx_word' id='word_1_287' title='bbox 1104 3165 1141 3224; x_wconf 89' lang='lat' dir='ltr'>de</span> <span class='ocrx_word' id='word_1_288' title='bbox 1163 3163 1220 3224; x_wconf 87' lang='lat' dir='ltr'>lide</span> <span class='ocrx_word' id='word_1_289' title='bbox 1244 3169 1279 3223; x_wconf 83' lang='lat' dir='ltr'>et</span> 
     </span>
     <span class='ocr_line' id='line_1_33' title="bbox 74 3243 1279 3326; baseline -0.002 -21"><span class='ocrx_word' id='word_1_290' title='bbox 74 3271 80 3282; x_wconf 86' lang='lat'><strong>·</strong></span> <span class='ocrx_word' id='word_1_291' title='bbox 142 3245 301 3306; x_wconf 81' lang='lat' dir='ltr'>mestantia</span> <span class='ocrx_word' id='word_1_292' title='bbox 350 3247 377 3304; x_wconf 92' lang='lat' dir='ltr'>ei</span> <span class='ocrx_word' id='word_1_293' title='bbox 395 3245 544 3322; x_wconf 84' lang='lat' dir='ltr'>loquentes</span> <span class='ocrx_word' id='word_1_294' title='bbox 562 3244 686 3306; x_wconf 81' lang='lat' dir='ltr'>indurat.</span> <span class='ocrx_word' id='word_1_295' title='bbox 716 3243 791 3306; x_wconf 88' lang='lat' dir='ltr'>Nem</span> <span class='ocrx_word' id='word_1_296' title='bbox 809 3245 877 3304; x_wconf 87' lang='lat' dir='ltr'>huie</span> <span class='ocrx_word' id='word_1_297' title='bbox 895 3243 984 3306; x_wconf 85' lang='lat' dir='ltr'>verbo</span> <span class='ocrx_word' id='word_1_298' title='bbox 1003 3251 1161 3306; x_wconf 83' lang='lat' dir='ltr'>eontexunt</span> <span class='ocrx_word' id='word_1_299' title='bbox 1179 3243 1279 3326; x_wconf 83' lang='lat' dir='ltr'>proxi·</span> 
     </span>
     <span class='ocr_line' id='line_1_34' title="bbox 2 3323 1280 3408; baseline -0.002 -23"><span class='ocrx_word' id='word_1_300' title='bbox 2 3366 7 3377; x_wconf 86' lang='lat'><strong>·</strong></span> <span class='ocrx_word' id='word_1_301' title='bbox 75 3348 79 3360; x_wconf 52' lang='grc' dir='ltr'><strong>ι</strong></span> <span class='ocrx_word' id='word_1_302' title='bbox 142 3343 220 3385; x_wconf 86' lang='lat' dir='ltr'>mens</span> <span class='ocrx_word' id='word_1_303' title='bbox 238 3326 416 3397; x_wconf 84' lang='lat' dir='ltr'>sententiam,</span> <span class='ocrx_word' id='word_1_304' title='bbox 435 3325 564 3408; x_wconf 70' lang='lat' dir='ltr'>Eloquia</span> <span class='ocrx_word' id='word_1_305' title='bbox 573 3327 710 3402; x_wconf 74' lang='lat' dir='ltr'>Domini,</span> <span class='ocrx_word' id='word_1_306' title='bbox 728 3335 782 3387; x_wconf 80' lang='lat' dir='ltr'>ete.</span> <span class='ocrx_word' id='word_1_307' title='bbox 801 3323 848 3385; x_wconf 77' lang='lat' dir='ltr'>bia</span> <span class='ocrx_word' id='word_1_308' title='bbox 869 3325 876 3340; x_wconf 90' lang='lat'>&#39;</span> <span class='ocrx_word' id='word_1_309' title='bbox 901 3323 1055 3406; x_wconf 86' lang='lat' dir='ltr'>probabilis</span> <span class='ocrx_word' id='word_1_310' title='bbox 1073 3325 1195 3385; x_wconf 90' lang='lat' dir='ltr'>aliorum</span> <span class='ocrx_word' id='word_1_311' title='bbox 1215 3323 1280 3404; x_wconf 90' lang='lat' dir='ltr'>opi·</span> 
     </span>
     <span class='ocr_line' id='line_1_35' title="bbox 143 3345 1276 3485; baseline -0.004 -19"><span class='ocrx_word' id='word_1_312' title='bbox 143 3403 201 3476; x_wconf 76' lang='lat' dir='ltr'>nio,</span> <span class='ocrx_word' id='word_1_313' title='bbox 222 3404 274 3484; x_wconf 92' lang='lat' dir='ltr'>qui</span> <span class='ocrx_word' id='word_1_314' title='bbox 293 3402 407 3463; x_wconf 87' lang='lat' dir='ltr'>deereto</span> <span class='ocrx_word' id='word_1_315' title='bbox 426 3400 493 3478; x_wconf 89' lang='lat' dir='ltr'>Dei,</span> <span class='ocrx_word' id='word_1_316' title='bbox 511 3423 673 3466; x_wconf 86' lang='lat' dir='ltr'>sermenem</span> <span class='ocrx_word' id='word_1_317' title='bbox 691 3405 792 3466; x_wconf 81' lang='lat' dir='ltr'>subiiei</span> <span class='ocrx_word' id='word_1_318' title='bbox 809 3345 913 3466; x_wconf 53' lang='lat' dir='ltr'>subsunt</span> <span class='ocrx_word' id='word_1_319' title='bbox 973 3405 980 3421; x_wconf 90' lang='grc'><em>“</em></span> <span class='ocrx_word' id='word_1_320' title='bbox 1001 3404 1037 3468; x_wconf 84' lang='lat' dir='ltr'>ad</span> <span class='ocrx_word' id='word_1_321' title='bbox 1056 3405 1120 3485; x_wconf 90' lang='lat' dir='ltr'>pios</span> <span class='ocrx_word' id='word_1_322' title='bbox 1138 3404 1276 3484; x_wconf 79' lang='lat' dir='ltr'>dirigitur.</span> 
     </span>
    </p>

    <p class='ocr_par' dir='ltr' id='par_1_10' title="bbox 93 3481 1313 3726">
     <span class='ocr_line' id='line_1_36' title="bbox 143 3481 1278 3567; baseline -0.002 -23"><span class='ocrx_word' id='word_1_323' title='bbox 143 3481 245 3564; x_wconf 89' lang='lat' dir='ltr'>Neque</span> <span class='ocrx_word' id='word_1_324' title='bbox 264 3483 341 3542; x_wconf 86' lang='lat' dir='ltr'>enim</span> <span class='ocrx_word' id='word_1_325' title='bbox 358 3483 428 3543; x_wconf 84' lang='lat' dir='ltr'>satis</span> <span class='ocrx_word' id='word_1_326' title='bbox 446 3482 531 3559; x_wconf 79' lang='lat' dir='ltr'>leret,</span> <span class='ocrx_word' id='word_1_327' title='bbox 549 3482 647 3544; x_wconf 90' lang='lat' dir='ltr'>Deum</span> <span class='ocrx_word' id='word_1_328' title='bbox 665 3485 742 3567; x_wconf 84' lang='lat' dir='ltr'>apud</span> <span class='ocrx_word' id='word_1_329' title='bbox 761 3503 793 3546; x_wconf 88' lang='lat' dir='ltr'>se</span> <span class='ocrx_word' id='word_1_330' title='bbox 812 3491 936 3546; x_wconf 85' lang='lat' dir='ltr'>statuere</span> <span class='ocrx_word' id='word_1_331' title='bbox 955 3484 1024 3564; x_wconf 91' lang='lat' dir='ltr'>qnid</span> <span class='ocrx_word' id='word_1_332' title='bbox 1043 3483 1175 3548; x_wconf 82' lang='lat' dir='ltr'>lecturos</span> <span class='ocrx_word' id='word_1_333' title='bbox 1190 3483 1227 3544; x_wconf 85' lang='lat' dir='ltr'>sit</span> <span class='ocrx_word' id='word_1_334' title='bbox 1244 3482 1278 3542; x_wconf 92' lang='lat' dir='ltr'>in</span> 
     </span>
     <span class='ocr_line' id='line_1_37' title="bbox 93 3561 1313 3645; baseline -0.004 -21"><span class='ocrx_word' id='word_1_335' title='bbox 93 3570 98 3586; x_wconf 91' lang='lat'><strong><em>‘</em></strong></span> <span class='ocrx_word' id='word_1_336' title='bbox 143 3562 267 3624; x_wconf 75' lang='lat' dir='ltr'>eduum</span> <span class='ocrx_word' id='word_1_337' title='bbox 285 3567 422 3638; x_wconf 87' lang='lat' dir='ltr'>nostram,</span> <span class='ocrx_word' id='word_1_338' title='bbox 451 3563 505 3623; x_wconf 85' lang='lat' dir='ltr'>nisi</span> <span class='ocrx_word' id='word_1_339' title='bbox 524 3571 601 3625; x_wconf 83' lang='lat' dir='ltr'>reete</span> <span class='ocrx_word' id='word_1_340' title='bbox 620 3585 673 3626; x_wconf 90' lang='lat' dir='ltr'>noe</span> <span class='ocrx_word' id='word_1_341' title='bbox 692 3571 723 3626; x_wconf 83' lang='lat' dir='ltr'>et</span> <span class='ocrx_word' id='word_1_342' title='bbox 740 3565 908 3626; x_wconf 85' lang='lat' dir='ltr'>nominatim</span> <span class='ocrx_word' id='word_1_343' title='bbox 926 3563 1087 3645; x_wconf 76' lang='lat' dir='ltr'>compellet,</span> <span class='ocrx_word' id='word_1_344' title='bbox 1116 3583 1185 3624; x_wconf 91' lang='lat' dir='ltr'>nam</span> <span class='ocrx_word' id='word_1_345' title='bbox 1211 3561 1279 3636; x_wconf 79' lang='lat' dir='ltr'>inde</span> <span class='ocrx_word' id='word_1_346' title='bbox 1310 3615 1313 3619; x_wconf 75' lang='grc'>,</span> 
     </span>
     <span class='ocr_line' id='line_1_38' title="bbox 144 3641 1281 3726; baseline -0.001 -22"><span class='ocrx_word' id='word_1_347' title='bbox 144 3642 226 3704; x_wconf 84' lang='lat' dir='ltr'>nobie</span> <span class='ocrx_word' id='word_1_348' title='bbox 250 3661 316 3723; x_wconf 88' lang='lat' dir='ltr'>spes</span> <span class='ocrx_word' id='word_1_349' title='bbox 340 3643 439 3704; x_wconf 87' lang='lat' dir='ltr'>salutis</span> <span class='ocrx_word' id='word_1_350' title='bbox 461 3643 596 3726; x_wconf 73' lang='lat' dir='ltr'>effulget,</span> <span class='ocrx_word' id='word_1_351' title='bbox 620 3665 711 3726; x_wconf 89' lang='lat' dir='ltr'>quum</span> <span class='ocrx_word' id='word_1_352' title='bbox 734 3643 816 3707; x_wconf 91' lang='lat' dir='ltr'>Deus</span> <span class='ocrx_word' id='word_1_353' title='bbox 839 3664 912 3705; x_wconf 82' lang='lat' dir='ltr'>rooe</span> <span class='ocrx_word' id='word_1_354' title='bbox 934 3663 986 3704; x_wconf 85' lang='lat' dir='ltr'>ssa</span> <span class='ocrx_word' id='word_1_355' title='bbox 1005 3643 1128 3704; x_wconf 89' lang='lat' dir='ltr'>ostendit</span> <span class='ocrx_word' id='word_1_356' title='bbox 1146 3641 1281 3704; x_wconf 85' lang='lat' dir='ltr'>senobis</span> 
     </span>
    </p>
   </div>
   <div class='ocr_carea' id='block_1_10' title="bbox 143 3721 1282 3808">
    <p class='ocr_par' dir='ltr' id='par_1_11' title="bbox 143 3721 1282 3808">
     <span class='ocr_line' id='line_1_39' title="bbox 143 3721 1282 3808; baseline -0.001 -25"><span class='ocrx_word' id='word_1_357' title='bbox 143 3721 390 3804; x_wconf 72' lang='lat' dir='ltr'>lore-propitium.</span> <span class='ocrx_word' id='word_1_358' title='bbox 410 3722 575 3804; x_wconf 79' lang='lat' dir='ltr'>Alloquitur</span> <span class='ocrx_word' id='word_1_359' title='bbox 594 3725 709 3805; x_wconf 89' lang='lat' dir='ltr'>quidem</span> <span class='ocrx_word' id='word_1_360' title='bbox 727 3726 804 3808; x_wconf 89' lang='lat' dir='ltr'>ipsos</span> <span class='ocrx_word' id='word_1_361' title='bbox 865 3739 940 3805; x_wconf 88' lang='lat' dir='ltr'>oque</span> <span class='ocrx_word' id='word_1_362' title='bbox 958 3723 1129 3798; x_wconf 73' lang='lat' dir='ltr'>inoreanos,</span> <span class='ocrx_word' id='word_1_363' title='bbox 1148 3722 1199 3784; x_wconf 89' lang='lat' dir='ltr'>sed</span> <span class='ocrx_word' id='word_1_364' title='bbox 1218 3723 1282 3782; x_wconf 88' lang='lat' dir='ltr'>sine</span> 
     </span>
    </p>
   </div>
   <div class='ocr_carea' id='block_1_11' title="bbox 50 3802 1281 3884">
    <p class='ocr_par' dir='ltr' id='par_1_12' title="bbox 50 3802 1281 3884">
     <span class='ocr_line' id='line_1_40' title="bbox 50 3802 1281 3884; baseline -0.002 -21"><span class='ocrx_word' id='word_1_365' title='bbox 50 3820 52 3829; x_wconf 91' lang='lat'>·</span> <span class='ocrx_word' id='word_1_366' title='bbox 143 3802 248 3875; x_wconf 82' lang='lat' dir='ltr'>iruttn,</span> <span class='ocrx_word' id='word_1_367' title='bbox 268 3802 336 3882; x_wconf 91' lang='lat' dir='ltr'>quia</span> <span class='ocrx_word' id='word_1_368' title='bbox 355 3803 433 3864; x_wconf 84' lang='lat' dir='ltr'>surdi</span> <span class='ocrx_word' id='word_1_369' title='bbox 452 3809 532 3864; x_wconf 82' lang='lat' dir='ltr'>sunt:</span> <span class='ocrx_word' id='word_1_370' title='bbox 551 3805 634 3866; x_wconf 88' lang='lat' dir='ltr'>sinuti</span> <span class='ocrx_word' id='word_1_371' title='bbox 647 3807 738 3866; x_wconf 80' lang='lat' dir='ltr'>&#39;etiam</span> <span class='ocrx_word' id='word_1_372' title='bbox 758 3806 819 3866; x_wconf 89' lang='lat' dir='ltr'>sine</span> <span class='ocrx_word' id='word_1_373' title='bbox 849 3811 933 3864; x_wconf 88' lang='lat' dir='ltr'>rnotn</span> <span class='ocrx_word' id='word_1_374' title='bbox 951 3803 1103 3864; x_wconf 88' lang='lat' dir='ltr'>liberaliter</span> <span class='ocrx_word' id='word_1_375' title='bbox 1118 3805 1281 3884; x_wconf 86' lang='lat' dir='ltr'>ipsostrae-</span> 
     </span>
    </p>
   </div>
   <div class='ocr_carea' id='block_1_12' title="bbox 143 3879 1351 4442">
    <p class='ocr_par' dir='ltr' id='par_1_13' title="bbox 144 3879 1333 4260">
     <span class='ocr_line' id='line_1_41' title="bbox 144 3879 1283 3964; baseline -0.002 -20"><span class='ocrx_word' id='word_1_376' title='bbox 144 3889 196 3956; x_wconf 86' lang='lat' dir='ltr'>tat,</span> <span class='ocrx_word' id='word_1_377' title='bbox 215 3879 320 3962; x_wconf 90' lang='lat' dir='ltr'>stupidi</span> <span class='ocrx_word' id='word_1_378' title='bbox 339 3889 415 3959; x_wconf 77' lang='lat' dir='ltr'>sunt,</span> <span class='ocrx_word' id='word_1_379' title='bbox 444 3901 478 3944; x_wconf 87' lang='lat' dir='ltr'>ao</span> <span class='ocrx_word' id='word_1_380' title='bbox 497 3885 557 3944; x_wconf 92' lang='lat' dir='ltr'>sine</span> <span class='ocrx_word' id='word_1_381' title='bbox 576 3903 661 3946; x_wconf 87' lang='lat' dir='ltr'>sensu</span> <span class='ocrx_word' id='word_1_382' title='bbox 680 3885 741 3946; x_wconf 90' lang='lat' dir='ltr'>eius</span> <span class='ocrx_word' id='word_1_383' title='bbox 760 3883 896 3946; x_wconf 84' lang='lat' dir='ltr'>beneficia</span> <span class='ocrx_word' id='word_1_384' title='bbox 915 3883 1060 3944; x_wconf 84' lang='lat' dir='ltr'>devorant.</span> <span class='ocrx_word' id='word_1_385' title='bbox 1100 3881 1163 3964; x_wconf 86' lang='lat' dir='ltr'>Ego</span> <span class='ocrx_word' id='word_1_386' title='bbox 1182 3887 1283 3942; x_wconf 85' lang='lat' dir='ltr'>autem</span> 
     </span>
     <span class='ocr_line' id='line_1_42' title="bbox 145 3959 1283 4046; baseline -0.002 -24"><span class='ocrx_word' id='word_1_387' title='bbox 145 3963 213 4042; x_wconf 88' lang='lat' dir='ltr'>quia</span> <span class='ocrx_word' id='word_1_388' title='bbox 238 3959 290 4020; x_wconf 92' lang='lat' dir='ltr'>sub</span> <span class='ocrx_word' id='word_1_389' title='bbox 317 3962 405 4023; x_wconf 88' lang='lat' dir='ltr'>verbo</span> <span class='ocrx_word' id='word_1_390' title='bbox 424 3965 524 4030; x_wconf 64' lang='lat' dir='ltr'>&#39;initi</span> <span class='ocrx_word' id='word_1_391' title='bbox 549 3965 749 4045; x_wconf 76' lang='lat' dir='ltr'>promissiones</span> <span class='ocrx_word' id='word_1_392' title='bbox 774 3964 924 4026; x_wconf 77' lang='lat' dir='ltr'>commode</span> <span class='ocrx_word' id='word_1_393' title='bbox 943 3970 974 4024; x_wconf 87' lang='lat' dir='ltr'>et</span> <span class='ocrx_word' id='word_1_394' title='bbox 993 3970 1059 4046; x_wconf 86' lang='lat' dir='ltr'>apte</span> <span class='ocrx_word' id='word_1_395' title='bbox 1078 3959 1283 4044; x_wconf 79' lang='lat' dir='ltr'>eomprehendi</span> 
     </span>
     <span class='ocr_line' id='line_1_43' title="bbox 146 4039 1282 4126; baseline 0.001 -25"><span class='ocrx_word' id='word_1_396' title='bbox 146 4059 231 4122; x_wconf 87' lang='lat' dir='ltr'>posse</span> <span class='ocrx_word' id='word_1_397' title='bbox 250 4039 344 4112; x_wconf 84' lang='lat' dir='ltr'>video,</span> <span class='ocrx_word' id='word_1_398' title='bbox 364 4063 401 4102; x_wconf 90' lang='lat' dir='ltr'>ne</span> <span class='ocrx_word' id='word_1_399' title='bbox 419 4043 495 4103; x_wconf 91' lang='lat' dir='ltr'>idem</span> <span class='ocrx_word' id='word_1_400' title='bbox 513 4043 557 4104; x_wconf 92' lang='lat' dir='ltr'>bis</span> <span class='ocrx_word' id='word_1_401' title='bbox 576 4042 700 4120; x_wconf 87' lang='lat' dir='ltr'>dioatnr,</span> <span class='ocrx_word' id='word_1_402' title='bbox 719 4045 839 4106; x_wconf 82' lang='lat' dir='ltr'>libenter</span> <span class='ocrx_word' id='word_1_403' title='bbox 856 4045 937 4104; x_wconf 87' lang='lat' dir='ltr'>illam</span> <span class='ocrx_word' id='word_1_404' title='bbox 956 4063 1044 4122; x_wconf 89' lang='lat' dir='ltr'>quem</span> <span class='ocrx_word' id='word_1_405' title='bbox 1061 4045 1147 4126; x_wconf 91' lang='lat' dir='ltr'>posui</span> <span class='ocrx_word' id='word_1_406' title='bbox 1165 4059 1282 4102; x_wconf 88' lang='lat' dir='ltr'>sensum</span> 
     </span>
     <span class='ocr_line' id='line_1_44' title="bbox 146 4117 1333 4260; baseline 0 -81"><span class='ocrx_word' id='word_1_407' title='bbox 146 4121 314 4260; x_wconf 56' lang='lat' dir='ltr'>:rp‘piwton</span> <span class='ocrx_word' id='word_1_408' title='bbox 333 4117 430 4182; x_wconf 84' lang='lat' dir='ltr'>Deunl</span> <span class='ocrx_word' id='word_1_409' title='bbox 448 4141 480 4184; x_wconf 88' lang='lat' dir='ltr'>se</span> <span class='ocrx_word' id='word_1_410' title='bbox 499 4130 693 4184; x_wconf 86' lang='lat' dir='ltr'>surreoturum</span> <span class='ocrx_word' id='word_1_411' title='bbox 713 4123 820 4198; x_wconf 77' lang='lat' dir='ltr'>dicere,</span> <span class='ocrx_word' id='word_1_412' title='bbox 838 4131 873 4184; x_wconf 90' lang='lat' dir='ltr'>nt</span> <span class='ocrx_word' id='word_1_413' title='bbox 891 4124 921 4183; x_wconf 92' lang='lat' dir='ltr'>in</span> <span class='ocrx_word' id='word_1_414' title='bbox 940 4123 1062 4184; x_wconf 86' lang='lat' dir='ltr'>salutem</span> <span class='ocrx_word' id='word_1_415' title='bbox 1079 4124 1211 4184; x_wconf 85' lang='lat' dir='ltr'>restituat</span> <span class='ocrx_word' id='word_1_416' title='bbox 1230 4119 1284 4202; x_wconf 89' lang='lat' dir='ltr'>qui</span> <span class='ocrx_word' id='word_1_417' title='bbox 1328 4185 1333 4196; x_wconf 59' lang='grc'>,</span> 
     </span>
    </p>

    <p class='ocr_par' dir='ltr' id='par_1_14' title="bbox 143 4197 1351 4442">
     <span class='ocr_line' id='line_1_45' title="bbox 207 4197 1351 4285; baseline 0.002 -25"><span class='ocrx_word' id='word_1_418' title='bbox 207 4201 273 4279; x_wconf 84' lang='lat' dir='ltr'>‘que</span> <span class='ocrx_word' id='word_1_419' title='bbox 301 4197 427 4263; x_wconf 87' lang='lat' dir='ltr'>hostium</span> <span class='ocrx_word' id='word_1_420' title='bbox 454 4203 564 4283; x_wconf 88' lang='lat' dir='ltr'>laqueis</span> <span class='ocrx_word' id='word_1_421' title='bbox 591 4203 723 4284; x_wconf 77' lang='lat' dir='ltr'>impliciti</span> <span class='ocrx_word' id='word_1_422' title='bbox 750 4211 781 4265; x_wconf 86' lang='lat' dir='ltr'>et</span> <span class='ocrx_word' id='word_1_423' title='bbox 809 4203 884 4285; x_wconf 88' lang='lat' dir='ltr'>eapti</span> <span class='ocrx_word' id='word_1_424' title='bbox 913 4202 1059 4264; x_wconf 80' lang='lat' dir='ltr'>videntur:</span> <span class='ocrx_word' id='word_1_425' title='bbox 1087 4203 1147 4263; x_wconf 79' lang='lat' dir='ltr'>sesi</span> <span class='ocrx_word' id='word_1_426' title='bbox 1172 4201 1289 4264; x_wconf 62' lang='lat' dir='ltr'>dietum.</span> <span class='ocrx_word' id='word_1_427' title='bbox 1346 4203 1351 4212; x_wconf 86' lang='lat'><em>&#39;</em></span> 
     </span>
     <span class='ocr_line' id='line_1_46' title="bbox 146 4275 1284 4366; baseline 0.003 -28"><span class='ocrx_word' id='word_1_428' title='bbox 146 4285 229 4351; x_wconf 76' lang='lat' dir='ltr'>esset,</span> <span class='ocrx_word' id='word_1_429' title='bbox 248 4275 390 4356; x_wconf 84' lang='lat' dir='ltr'>Quamvis</span> <span class='ocrx_word' id='word_1_430' title='bbox 407 4281 509 4364; x_wconf 88' lang='lat' dir='ltr'>inopes</span> <span class='ocrx_word' id='word_1_431' title='bbox 528 4289 558 4344; x_wconf 88' lang='lat' dir='ltr'>et</span> <span class='ocrx_word' id='word_1_432' title='bbox 575 4283 695 4344; x_wconf 87' lang='lat' dir='ltr'>miseros</span> <span class='ocrx_word' id='word_1_433' title='bbox 713 4283 793 4366; x_wconf 90' lang='lat' dir='ltr'>impii</span> <span class='ocrx_word' id='word_1_434' title='bbox 810 4283 935 4344; x_wconf 85' lang='lat' dir='ltr'>irretitos</span> <span class='ocrx_word' id='word_1_435' title='bbox 953 4284 1284 4363; x_wconf 81' lang='lat' dir='ltr'>teneantqnasipartam</span> 
     </span>
     <span class='ocr_line' id='line_1_47' title="bbox 143 4355 1283 4442; baseline -0.001 -21"><span class='ocrx_word' id='word_1_436' title='bbox 143 4355 290 4438; x_wconf 79' lang='lat' dir='ltr'>praedam,</span> <span class='ocrx_word' id='word_1_437' title='bbox 309 4379 364 4442; x_wconf 83' lang='lat' dir='ltr'>ego</span> <span class='ocrx_word' id='word_1_438' title='bbox 382 4367 480 4425; x_wconf 84' lang='lat' dir='ltr'>tamen</span> <span class='ocrx_word' id='word_1_439' title='bbox 498 4381 548 4426; x_wconf 87' lang='lat' dir='ltr'>eos</span> <span class='ocrx_word' id='word_1_440' title='bbox 567 4362 668 4426; x_wconf 83' lang='lat' dir='ltr'>loeebo</span> <span class='ocrx_word' id='word_1_441' title='bbox 687 4363 719 4424; x_wconf 93' lang='lat' dir='ltr'>in</span> <span class='ocrx_word' id='word_1_442' title='bbox 736 4369 809 4427; x_wconf 87' lang='lat' dir='ltr'>tuto.</span> <span class='ocrx_word' id='word_1_443' title='bbox 849 4359 910 4424; x_wconf 85' lang='lat' dir='ltr'>Nee</span> <span class='ocrx_word' id='word_1_444' title='bbox 936 4379 1005 4424; x_wconf 80' lang='lat' dir='ltr'>vero</span> <span class='ocrx_word' id='word_1_445' title='bbox 1028 4383 1140 4430; x_wconf 84' lang='lat' dir='ltr'>novum</span> <span class='ocrx_word' id='word_1_446' title='bbox 1159 4368 1214 4436; x_wconf 73' lang='lat' dir='ltr'>est,</span> <span class='ocrx_word' id='word_1_447' title='bbox 1233 4359 1283 4420; x_wconf 85' lang='lat' dir='ltr'>de-</span> 
     </span>
    </p>
   </div>
   <div class='ocr_carea' id='block_1_13' title="bbox 0 0 1431 4886">
    <p class='ocr_par' dir='ltr' id='par_1_15' title="bbox 0 0 1431 4886">
     <span class='ocr_line' id='line_1_48' title="bbox 0 0 1431 4886; baseline 0 0"><span class='ocrx_word' id='word_1_448' title='bbox 0 0 1431 4886; x_wconf 95' lang='lat' dir='ltr'> </span> 
     </span>
    </p>
   </div>
  </div>
 </body>
</html>
