<?xml version="1.0" encoding="UTF-8"?>
<!DOCTYPE html PUBLIC "-//W3C//DTD XHTML 1.0 Transitional//EN"
    "http://www.w3.org/TR/xhtml1/DTD/xhtml1-transitional.dtd">
<html xmlns="http://www.w3.org/1999/xhtml" xml:lang="en" lang="en">
 <head>
  <title>
</title>
<meta http-equiv="Content-Type" content="text/html;charset=utf-8" />
  <meta name='ocr-system' content='tesseract 3.04.00' />
  <meta name='ocr-capabilities' content='ocr_page ocr_carea ocr_par ocr_line ocrx_word'/>
</head>
<body>
  <div class='ocr_page' id='page_1' title='image "./ioanniscalvinii03tholgoog_0293.png"; bbox 0 0 2748 4890; ppageno 0'>
   <div class='ocr_carea' id='block_1_1' title="bbox 176 261 894 340">
    <p class='ocr_par' dir='ltr' id='par_1_1' title="bbox 176 261 894 340">
     <span class='ocr_line' id='line_1_1' title="bbox 176 261 894 340; baseline -0.001 -15"><span class='ocrx_word' id='word_1_1' title='bbox 176 261 303 340; x_wconf 77' lang='lat'><strong>274&#39;</strong></span> <span class='ocrx_word' id='word_1_2' title='bbox 385 327 388 332; x_wconf 78' lang='grc'><em>,</em></span> <span class='ocrx_word' id='word_1_3' title='bbox 491 276 516 328; x_wconf 81' lang='grc'><strong>,’</strong></span> <span class='ocrx_word' id='word_1_4' title='bbox 606 267 894 326; x_wconf 68' lang='lat' dir='ltr'><strong>scaminus</strong></span> 
     </span>
    </p>
   </div>
   <div class='ocr_carea' id='block_1_2' title="bbox 180 364 1319 646">
    <p class='ocr_par' dir='ltr' id='par_1_2' title="bbox 180 364 1319 646">
     <span class='ocr_line' id='line_1_2' title="bbox 181 364 1318 486; baseline -0.001 -17"><span class='ocrx_word' id='word_1_5' title='bbox 181 409 267 484; x_wconf 87' lang='lat' dir='ltr'><strong>addit,</strong></span> <span class='ocrx_word' id='word_1_6' title='bbox 286 405 362 468; x_wconf 89' lang='lat' dir='ltr'><strong>ultro</strong></span> <span class='ocrx_word' id='word_1_7' title='bbox 382 423 415 468; x_wconf 90' lang='lat' dir='ltr'><strong>su</strong></span> <span class='ocrx_word' id='word_1_8' title='bbox 437 364 558 486; x_wconf 80' lang='lat' dir='ltr'><strong>primore</strong></span> <span class='ocrx_word' id='word_1_9' title='bbox 578 425 692 467; x_wconf 88' lang='lat' dir='ltr'><strong>omnem</strong></span> <span class='ocrx_word' id='word_1_10' title='bbox 711 378 853 467; x_wconf 85' lang='lat' dir='ltr'><strong>delectum</strong></span> <span class='ocrx_word' id='word_1_11' title='bbox 870 406 940 466; x_wconf 85' lang='lat' dir='ltr'><strong>boni</strong></span> <span class='ocrx_word' id='word_1_12' title='bbox 959 411 989 465; x_wconf 92' lang='lat' dir='ltr'><strong>et</strong></span> <span class='ocrx_word' id='word_1_13' title='bbox 1002 404 1078 480; x_wconf 85' lang='lat' dir='ltr'><strong>mali,</strong></span> <span class='ocrx_word' id='word_1_14' title='bbox 1099 406 1168 486; x_wconf 88' lang='lat' dir='ltr'><strong>quia</strong></span> <span class='ocrx_word' id='word_1_15' title='bbox 1184 407 1318 468; x_wconf 84' lang='lat' dir='ltr'><strong>meliores</strong></span> 
     </span>
     <span class='ocr_line' id='line_1_3' title="bbox 181 483 1317 566; baseline -0.002 -16"><span class='ocrx_word' id='word_1_16' title='bbox 181 507 243 550; x_wconf 88' lang='lat' dir='ltr'><strong>esse</strong></span> <span class='ocrx_word' id='word_1_17' title='bbox 266 488 367 548; x_wconf 81' lang='lat' dir='ltr'><strong>nolint.</strong></span> <span class='ocrx_word' id='word_1_18' title='bbox 446 487 452 502; x_wconf 84' lang='lat'><strong>‘</strong></span> <span class='ocrx_word' id='word_1_19' title='bbox 485 505 519 544; x_wconf 90' lang='lat' dir='ltr'><strong>us</strong></span> <span class='ocrx_word' id='word_1_20' title='bbox 542 487 682 546; x_wconf 84' lang='lat' dir='ltr'><strong>rationem</strong></span> <span class='ocrx_word' id='word_1_21' title='bbox 706 487 742 546; x_wconf 93' lang='lat' dir='ltr'><strong>ad</strong></span> <span class='ocrx_word' id='word_1_22' title='bbox 766 485 840 546; x_wconf 88' lang='lat' dir='ltr'><strong>bene</strong></span> <span class='ocrx_word' id='word_1_23' title='bbox 864 486 1004 566; x_wconf 81' lang='lat' dir='ltr'><strong>agendum</strong></span> <span class='ocrx_word' id='word_1_24' title='bbox 1029 483 1195 546; x_wconf 84' lang='lat' dir='ltr'><strong>bominibus</strong></span> <span class='ocrx_word' id='word_1_25' title='bbox 1216 488 1317 548; x_wconf 58' lang='lat' dir='ltr'><strong>mem</strong></span> 
     </span>
     <span class='ocr_line' id='line_1_4' title="bbox 180 566 1319 646; baseline -0.004 -16"><span class='ocrx_word' id='word_1_26' title='bbox 180 587 251 630; x_wconf 87' lang='lat' dir='ltr'><strong>esse.</strong></span> <span class='ocrx_word' id='word_1_27' title='bbox 291 566 363 627; x_wconf 87' lang='lat' dir='ltr'><strong>Eam</strong></span> <span class='ocrx_word' id='word_1_28' title='bbox 388 585 456 646; x_wconf 76' lang='lat' dir='ltr'><strong>ergo</strong></span> <span class='ocrx_word' id='word_1_29' title='bbox 481 566 549 625; x_wconf 91' lang='lat' dir='ltr'><strong>dicit</strong></span> <span class='ocrx_word' id='word_1_30' title='bbox 572 566 708 646; x_wconf 88' lang='lat' dir='ltr'><strong>repmbos</strong></span> <span class='ocrx_word' id='word_1_31' title='bbox 733 566 868 645; x_wconf 78' lang='lat' dir='ltr'><strong>fugitare,</strong></span> <span class='ocrx_word' id='word_1_32' title='bbox 897 585 936 642; x_wconf 85' lang='lat' dir='ltr'><strong>ne</strong></span> <span class='ocrx_word' id='word_1_33' title='bbox 953 567 1041 624; x_wconf 82' lang='lat' dir='ltr'><strong>vitam</strong></span> <span class='ocrx_word' id='word_1_34' title='bbox 1061 583 1144 626; x_wconf 87' lang='lat' dir='ltr'><strong>snam</strong></span> <span class='ocrx_word' id='word_1_35' title='bbox 1163 569 1195 626; x_wconf 91' lang='lat' dir='ltr'><strong>in</strong></span> <span class='ocrx_word' id='word_1_36' title='bbox 1215 567 1319 627; x_wconf 86' lang='lat' dir='ltr'><strong>melius</strong></span> 
     </span>
    </p>
   </div>
   <div class='ocr_carea' id='block_1_3' title="bbox 71 637 1319 727">
    <p class='ocr_par' dir='ltr' id='par_1_3' title="bbox 71 637 1319 727">
     <span class='ocr_line' id='line_1_5' title="bbox 71 637 1319 727; baseline 0.005 -27"><span class='ocrx_word' id='word_1_37' title='bbox 71 693 75 700; x_wconf 90' lang='grc'><em>,</em></span> <span class='ocrx_word' id='word_1_38' title='bbox 120 645 122 653; x_wconf 89' lang='grc'><strong>’</strong></span> <span class='ocrx_word' id='word_1_39' title='bbox 181 648 322 727; x_wconf 77' lang='lat' dir='ltr'><strong>corrigere</strong></span> <span class='ocrx_word' id='word_1_40' title='bbox 341 652 487 726; x_wconf 73' lang='lat' dir='ltr'><strong>cogentur.</strong></span> <span class='ocrx_word' id='word_1_41' title='bbox 516 643 663 706; x_wconf 84' lang='lat' dir='ltr'><strong>Docemur</strong></span> <span class='ocrx_word' id='word_1_42' title='bbox 682 653 779 706; x_wconf 85' lang='lat' dir='ltr'><strong>autern</strong></span> <span class='ocrx_word' id='word_1_43' title='bbox 798 645 842 704; x_wconf 86' lang='lat' dir='ltr'><strong>his</strong></span> <span class='ocrx_word' id='word_1_44' title='bbox 862 645 966 716; x_wconf 79' lang='lat' dir='ltr'><strong>verbis,</strong></span> <span class='ocrx_word' id='word_1_45' title='bbox 985 647 1008 704; x_wconf 92' lang='lat' dir='ltr'><strong>si</strong></span> <span class='ocrx_word' id='word_1_46' title='bbox 1029 637 1145 726; x_wconf 85' lang='lat' dir='ltr'><strong>quando</strong></span> <span class='ocrx_word' id='word_1_47' title='bbox 1166 663 1185 706; x_wconf 87' lang='lat' dir='ltr'><strong>a</strong></span> <span class='ocrx_word' id='word_1_48' title='bbox 1204 648 1255 708; x_wconf 78' lang='lat' dir='ltr'><strong>via</strong></span> <span class='ocrx_word' id='word_1_49' title='bbox 1276 647 1319 706; x_wconf 91' lang='lat' dir='ltr'><strong>de-</strong></span> 
     </span>
    </p>
   </div>
   <div class='ocr_carea' id='block_1_4' title="bbox 113 725 1321 2863">
    <p class='ocr_par' dir='ltr' id='par_1_4' title="bbox 113 725 1321 2863">
     <span class='ocr_line' id='line_1_6' title="bbox 181 725 1321 805; baseline -0.004 -15"><span class='ocrx_word' id='word_1_50' title='bbox 181 729 323 801; x_wconf 80' lang='lat' dir='ltr'><strong>fleximus,</strong></span> <span class='ocrx_word' id='word_1_51' title='bbox 343 725 535 802; x_wconf 21' lang='lat' dir='ltr'><strong>bocsnnionm</strong></span> <span class='ocrx_word' id='word_1_52' title='bbox 554 731 616 786; x_wconf 80' lang='lat' dir='ltr'><strong>etse</strong></span> <span class='ocrx_word' id='word_1_53' title='bbox 635 725 799 800; x_wconf 86' lang='lat' dir='ltr'><strong>remedium,</strong></span> <span class='ocrx_word' id='word_1_54' title='bbox 819 727 928 805; x_wconf 80' lang='lat' dir='ltr'><strong>aperire</strong></span> <span class='ocrx_word' id='word_1_55' title='bbox 948 727 1050 784; x_wconf 88' lang='lat' dir='ltr'><strong>mentis</strong></span> <span class='ocrx_word' id='word_1_56' title='bbox 1071 725 1184 796; x_wconf 87' lang='lat' dir='ltr'><strong>oculos,</strong></span> <span class='ocrx_word' id='word_1_57' title='bbox 1205 733 1239 785; x_wconf 85' lang='lat' dir='ltr'><strong>ut</strong></span> <span class='ocrx_word' id='word_1_58' title='bbox 1255 726 1321 786; x_wconf 89' lang='lat' dir='ltr'><strong>boui</strong></span> 
     </span>
     <span class='ocr_line' id='line_1_7' title="bbox 181 801 1321 888; baseline -0.002 -20"><span class='ocrx_word' id='word_1_59' title='bbox 181 815 212 869; x_wconf 89' lang='lat' dir='ltr'><strong>et</strong></span> <span class='ocrx_word' id='word_1_60' title='bbox 230 807 299 866; x_wconf 89' lang='lat' dir='ltr'><strong>mali</strong></span> <span class='ocrx_word' id='word_1_61' title='bbox 319 807 472 865; x_wconf 85' lang='lat' dir='ltr'><strong>discrimen</strong></span> <span class='ocrx_word' id='word_1_62' title='bbox 491 803 527 863; x_wconf 87' lang='lat' dir='ltr'><strong>ab</strong></span> <span class='ocrx_word' id='word_1_63' title='bbox 546 823 643 865; x_wconf 80' lang='lat' dir='ltr'><strong>errore</strong></span> <span class='ocrx_word' id='word_1_64' title='bbox 662 825 716 866; x_wconf 90' lang='lat' dir='ltr'><strong>nos</strong></span> <span class='ocrx_word' id='word_1_65' title='bbox 735 812 863 864; x_wconf 85' lang='lat' dir='ltr'><strong>revocet=</strong></span> <span class='ocrx_word' id='word_1_66' title='bbox 884 811 992 879; x_wconf 87' lang='lat' dir='ltr'><strong>contra,</strong></span> <span class='ocrx_word' id='word_1_67' title='bbox 1013 801 1062 864; x_wconf 89' lang='lat' dir='ltr'><strong>ubi</strong></span> <span class='ocrx_word' id='word_1_68' title='bbox 1081 807 1146 886; x_wconf 86' lang='lat' dir='ltr'><strong>quis</strong></span> <span class='ocrx_word' id='word_1_69' title='bbox 1159 805 1321 888; x_wconf 45' lang='lat' dir='ltr'><strong>intelligu-</strong></span> 
     </span>
     <span class='ocr_line' id='line_1_8' title="bbox 183 883 1321 966; baseline -0.001 -19"><span class='ocrx_word' id='word_1_70' title='bbox 183 889 253 948; x_wconf 91' lang='lat' dir='ltr'><strong>tiam</strong></span> <span class='ocrx_word' id='word_1_71' title='bbox 273 887 390 966; x_wconf 76' lang='lat' dir='ltr'><strong>respuit,</strong></span> <span class='ocrx_word' id='word_1_72' title='bbox 410 884 466 945; x_wconf 89' lang='lat' dir='ltr'><strong>boc</strong></span> <span class='ocrx_word' id='word_1_73' title='bbox 485 883 687 964; x_wconf 76' lang='lat' dir='ltr'><strong>desperationis</strong></span> <span class='ocrx_word' id='word_1_74' title='bbox 706 885 820 966; x_wconf 73' lang='lat' dir='ltr'><strong>signum</strong></span> <span class='ocrx_word' id='word_1_75' title='bbox 838 904 910 944; x_wconf 89' lang='lat' dir='ltr'><strong>esse.</strong></span> <span class='ocrx_word' id='word_1_76' title='bbox 937 883 1073 944; x_wconf 81' lang='lat' dir='ltr'><strong>Proximo</strong></span> <span class='ocrx_word' id='word_1_77' title='bbox 1095 903 1184 944; x_wconf 85' lang='lat' dir='ltr'><strong>versu</strong></span> <span class='ocrx_word' id='word_1_78' title='bbox 1204 893 1321 946; x_wconf 79' lang='lat' dir='ltr'><strong>noulur</strong></span> 
     </span>
     <span class='ocr_line' id='line_1_9' title="bbox 182 955 1321 1045; baseline -0.003 -18"><span class='ocrx_word' id='word_1_79' title='bbox 182 967 302 1028; x_wconf 80' lang='lat' dir='ltr'><strong>batarios</strong></span> <span class='ocrx_word' id='word_1_80' title='bbox 320 965 425 1024; x_wconf 88' lang='lat' dir='ltr'><strong>malitia</strong></span> <span class='ocrx_word' id='word_1_81' title='bbox 445 971 475 1024; x_wconf 90' lang='lat' dir='ltr'><strong>et</strong></span> <span class='ocrx_word' id='word_1_82' title='bbox 493 985 529 1045; x_wconf 89' lang='lat' dir='ltr'><strong>pr</strong></span> <span class='ocrx_word' id='word_1_83' title='bbox 548 964 635 1024; x_wconf 86' lang='lat' dir='ltr'><strong>londa</strong></span> <span class='ocrx_word' id='word_1_84' title='bbox 654 965 830 1039; x_wconf 68' lang='lat' dir='ltr'><strong>stannatio,</strong></span> <span class='ocrx_word' id='word_1_85' title='bbox 851 965 957 1024; x_wconf 88' lang='lat' dir='ltr'><strong>multos</strong></span> <span class='ocrx_word' id='word_1_86' title='bbox 976 966 1051 1025; x_wconf 86' lang='lat' dir='ltr'><strong>enim</strong></span> <span class='ocrx_word' id='word_1_87' title='bbox 1071 955 1238 1044; x_wconf 77' lang='lat' dir='ltr'><strong>oentinget,</strong></span> <span class='ocrx_word' id='word_1_88' title='bbox 1258 965 1321 1024; x_wconf 82' lang='lat' dir='ltr'><strong>lieet</strong></span> 
     </span>
     <span class='ocr_line' id='line_1_10' title="bbox 181 1044 1320 1124; baseline -0.001 -17"><span class='ocrx_word' id='word_1_89' title='bbox 181 1047 252 1107; x_wconf 89' lang='lat' dir='ltr'><strong>alias</strong></span> <span class='ocrx_word' id='word_1_90' title='bbox 271 1065 329 1104; x_wconf 91' lang='lat' dir='ltr'><strong>uon</strong></span> <span class='ocrx_word' id='word_1_91' title='bbox 350 1046 506 1124; x_wconf 86' lang='lat' dir='ltr'><strong>pessimos</strong></span> <span class='ocrx_word' id='word_1_92' title='bbox 530 1045 584 1104; x_wconf 88' lang='lat' dir='ltr'><strong>acti</strong></span> <span class='ocrx_word' id='word_1_93' title='bbox 608 1046 680 1118; x_wconf 89' lang='lat' dir='ltr'><strong>sint,</strong></span> <span class='ocrx_word' id='word_1_94' title='bbox 710 1044 774 1104; x_wconf 90' lang='lat' dir='ltr'><strong>labi·</strong></span> <span class='ocrx_word' id='word_1_95' title='bbox 790 1051 819 1103; x_wconf 86' lang='lat' dir='ltr'><strong>et</strong></span> <span class='ocrx_word' id='word_1_96' title='bbox 842 1044 1019 1123; x_wconf 82' lang='lat' dir='ltr'><strong>delinquere,</strong></span> <span class='ocrx_word' id='word_1_97' title='bbox 1048 1047 1117 1124; x_wconf 74' lang='lat' dir='ltr'><strong>tpuia</strong></span> <span class='ocrx_word' id='word_1_98' title='bbox 1140 1053 1267 1123; x_wconf 81' lang='lat' dir='ltr'><strong>repente</strong></span> <span class='ocrx_word' id='word_1_99' title='bbox 1291 1065 1320 1106; x_wconf 86' lang='lat' dir='ltr'><strong>ae</strong></span> 
     </span>
     <span class='ocr_line' id='line_1_11' title="bbox 181 1123 1320 1204; baseline -0.004 -16"><span class='ocrx_word' id='word_1_100' title='bbox 181 1127 265 1188; x_wconf 83' lang='lat' dir='ltr'><strong>ollcrt</strong></span> <span class='ocrx_word' id='word_1_101' title='bbox 284 1127 404 1186; x_wconf 85' lang='lat' dir='ltr'><strong>occasio.</strong></span> <span class='ocrx_word' id='word_1_102' title='bbox 425 1123 520 1183; x_wconf 84' lang='lat' dir='ltr'><strong>David</strong></span> <span class='ocrx_word' id='word_1_103' title='bbox 540 1131 636 1184; x_wconf 65' lang='lat' dir='ltr'><strong>numm</strong></span> <span class='ocrx_word' id='word_1_104' title='bbox 653 1123 802 1204; x_wconf 83' lang='lat' dir='ltr'><strong>reprobos,</strong></span> <span class='ocrx_word' id='word_1_105' title='bbox 822 1123 870 1183; x_wconf 88' lang='lat' dir='ltr'><strong>ubi</strong></span> <span class='ocrx_word' id='word_1_106' title='bbox 884 1124 1016 1186; x_wconf 87' lang='lat' dir='ltr'><strong>subducti</strong></span> <span class='ocrx_word' id='word_1_107' title='bbox 1030 1131 1100 1184; x_wconf 87' lang='lat' dir='ltr'><strong>suut</strong></span> <span class='ocrx_word' id='word_1_108' title='bbox 1114 1123 1152 1184; x_wconf 86' lang='lat' dir='ltr'><strong>ab</strong></span> <span class='ocrx_word' id='word_1_109' title='bbox 1169 1124 1320 1184; x_wconf 82' lang='lat' dir='ltr'><strong>bominum</strong></span> 
     </span>
     <span class='ocr_line' id='line_1_12' title="bbox 181 1201 1320 1365; baseline -0.002 -19"><span class='ocrx_word' id='word_1_110' title='bbox 181 1201 1320 1365; x_wconf 58' lang='lat' dir='ltr'><strong>ttttttnlttltttltnt?ltin“tttttstttttttltsnt</strong></span> 
     </span>
     <span class='ocr_line' id='line_1_13' title="bbox 113 1327 1319 1446; baseline -0.002 -20"><span class='ocrx_word' id='word_1_111' title='bbox 113 1349 121 1366; x_wconf 51' lang='grc'>’</span> <span class='ocrx_word' id='word_1_112' title='bbox 182 1364 324 1444; x_wconf 89' lang='lat' dir='ltr'><strong>sibiipsis</strong></span> <span class='ocrx_word' id='word_1_113' title='bbox 344 1381 406 1422; x_wconf 86' lang='lat' dir='ltr'><strong>esse</strong></span> <span class='ocrx_word' id='word_1_114' title='bbox 426 1363 563 1422; x_wconf 84' lang='lat' dir='ltr'><strong>scelerum</strong></span> <span class='ocrx_word' id='word_1_115' title='bbox 584 1327 714 1424; x_wconf 72' lang='lat' dir='ltr'><strong>auotoles</strong></span> <span class='ocrx_word' id='word_1_116' title='bbox 735 1382 770 1424; x_wconf 88' lang='lat' dir='ltr'><strong>ae</strong></span> <span class='ocrx_word' id='word_1_117' title='bbox 789 1365 939 1444; x_wconf 81' lang='lat' dir='ltr'><strong>magistros</strong></span> <span class='ocrx_word' id='word_1_118' title='bbox 953 1363 1060 1444; x_wconf 88' lang='lat' dir='ltr'><strong>absque</strong></span> <span class='ocrx_word' id='word_1_119' title='bbox 1074 1363 1169 1424; x_wconf 88' lang='lat' dir='ltr'><strong>alieno</strong></span> <span class='ocrx_word' id='word_1_120' title='bbox 1185 1365 1319 1446; x_wconf 87' lang='lat' dir='ltr'><strong>impulsu.</strong></span> 
     </span>
     <span class='ocr_line' id='line_1_14' title="bbox 182 1441 1320 1529; baseline -0.001 -24"><span class='ocrx_word' id='word_1_121' title='bbox 182 1443 276 1506; x_wconf 89' lang='lat' dir='ltr'><strong>Porro</strong></span> <span class='ocrx_word' id='word_1_122' title='bbox 292 1463 385 1529; x_wconf 72' lang='lat' dir='ltr'><strong>panni</strong></span> <span class='ocrx_word' id='word_1_123' title='bbox 406 1441 459 1501; x_wconf 91' lang='lat' dir='ltr'><strong>hac</strong></span> <span class='ocrx_word' id='word_1_124' title='bbox 478 1445 546 1506; x_wconf 85' lang='lat' dir='ltr'><strong>nota</strong></span> <span class='ocrx_word' id='word_1_125' title='bbox 571 1443 708 1523; x_wconf 80' lang='lat' dir='ltr'><strong>reprobos</strong></span> <span class='ocrx_word' id='word_1_126' title='bbox 733 1445 879 1522; x_wconf 85' lang='lat' dir='ltr'><strong>insigniat,</strong></span> <span class='ocrx_word' id='word_1_127' title='bbox 908 1443 986 1522; x_wconf 90' lang='lat' dir='ltr'><strong>quod</strong></span> <span class='ocrx_word' id='word_1_128' title='bbox 1011 1443 1189 1502; x_wconf 79' lang='lat' dir='ltr'><strong>meditentur</strong></span> <span class='ocrx_word' id='word_1_129' title='bbox 1213 1445 1320 1504; x_wconf 78' lang='lat' dir='ltr'><strong>coelem</strong></span> 
     </span>
     <span class='ocr_line' id='line_1_15' title="bbox 182 1521 1320 1603; baseline -0.001 -18"><span class='ocrx_word' id='word_1_130' title='bbox 182 1543 270 1603; x_wconf 86' lang='lat' dir='ltr'><strong>super</strong></span> <span class='ocrx_word' id='word_1_131' title='bbox 294 1521 387 1582; x_wconf 86' lang='lat' dir='ltr'><strong>cubile</strong></span> <span class='ocrx_word' id='word_1_132' title='bbox 411 1541 509 1581; x_wconf 80' lang='lat' dir='ltr'><strong>suume</strong></span> <span class='ocrx_word' id='word_1_133' title='bbox 539 1521 677 1582; x_wconf 88' lang='lat' dir='ltr'><strong>ducentur</strong></span> <span class='ocrx_word' id='word_1_134' title='bbox 699 1521 797 1582; x_wconf 88' lang='lat' dir='ltr'><strong>fideles</strong></span> <span class='ocrx_word' id='word_1_135' title='bbox 821 1523 906 1602; x_wconf 75' lang='lat' dir='ltr'><strong>longe</strong></span> <span class='ocrx_word' id='word_1_136' title='bbox 930 1523 1057 1598; x_wconf 78' lang='lat' dir='ltr'><strong>alio-sna</strong></span> <span class='ocrx_word' id='word_1_137' title='bbox 1077 1523 1173 1582; x_wconf 84' lang='lat' dir='ltr'><strong>studia</strong></span> <span class='ocrx_word' id='word_1_138' title='bbox 1193 1525 1320 1584; x_wconf 75' lang='lat' dir='ltr'><strong>nonime</strong></span> 
     </span>
     <span class='ocr_line' id='line_1_16' title="bbox 182 1603 1318 1683; baseline 0.001 -18"><span class='ocrx_word' id='word_1_139' title='bbox 182 1603 233 1666; x_wconf 91' lang='lat' dir='ltr'><strong>ubi</strong></span> <span class='ocrx_word' id='word_1_140' title='bbox 254 1603 307 1662; x_wconf 92' lang='lat' dir='ltr'><strong>soli</strong></span> <span class='ocrx_word' id='word_1_141' title='bbox 327 1607 402 1676; x_wconf 81' lang='lat' dir='ltr'><strong>snut,</strong></span> <span class='ocrx_word' id='word_1_142' title='bbox 421 1619 525 1681; x_wconf 85' lang='lat' dir='ltr'><strong>nempe</strong></span> <span class='ocrx_word' id='word_1_143' title='bbox 544 1609 576 1662; x_wconf 89' lang='lat' dir='ltr'><strong>ut</strong></span> <span class='ocrx_word' id='word_1_144' title='bbox 597 1604 684 1662; x_wconf 84' lang='lat' dir='ltr'><strong>vitum</strong></span> <span class='ocrx_word' id='word_1_145' title='bbox 704 1622 784 1662; x_wconf 88' lang='lat' dir='ltr'><strong>suam</strong></span> <span class='ocrx_word' id='word_1_146' title='bbox 805 1603 1002 1677; x_wconf 81' lang='lat' dir='ltr'><strong>examinando,</strong></span> <span class='ocrx_word' id='word_1_147' title='bbox 1022 1603 1112 1662; x_wconf 85' lang='lat' dir='ltr'><strong>malas</strong></span> <span class='ocrx_word' id='word_1_148' title='bbox 1133 1606 1318 1683; x_wconf 74' lang='lat' dir='ltr'><strong>cogibtioues</strong></span> 
     </span>
     <span class='ocr_line' id='line_1_17' title="bbox 184 1682 1316 1762; baseline -0.002 -18"><span class='ocrx_word' id='word_1_149' title='bbox 184 1689 300 1744; x_wconf 87' lang='lat' dir='ltr'><strong>strenue</strong></span> <span class='ocrx_word' id='word_1_150' title='bbox 320 1697 337 1742; x_wconf 92' lang='lat' dir='ltr'><strong>a</strong></span> <span class='ocrx_word' id='word_1_151' title='bbox 357 1701 388 1741; x_wconf 88' lang='lat' dir='ltr'><strong>se</strong></span> <span class='ocrx_word' id='word_1_152' title='bbox 407 1682 554 1762; x_wconf 88' lang='lat' dir='ltr'><strong>repellant.</strong></span> <span class='ocrx_word' id='word_1_153' title='bbox 568 1689 570 1698; x_wconf 82' lang='grc'><strong>“</strong></span> <span class='ocrx_word' id='word_1_154' title='bbox 585 1682 709 1743; x_wconf 76' lang='lat' dir='ltr'><strong>Additur</strong></span> <span class='ocrx_word' id='word_1_155' title='bbox 728 1682 830 1742; x_wconf 88' lang='lat' dir='ltr'><strong>deinde</strong></span> <span class='ocrx_word' id='word_1_156' title='bbox 850 1683 1011 1762; x_wconf 73' lang='lat' dir='ltr'><strong>pertinacia,</strong></span> <span class='ocrx_word' id='word_1_157' title='bbox 1032 1683 1112 1762; x_wconf 83' lang='lat' dir='ltr'><strong>quod</strong></span> <span class='ocrx_word' id='word_1_158' title='bbox 1132 1683 1163 1762; x_wconf 78' lang='lat' dir='ltr'><strong>in</strong></span> <span class='ocrx_word' id='word_1_159' title='bbox 1184 1685 1225 1753; x_wconf 81' lang='lat' dir='ltr'><strong>via</strong></span> <span class='ocrx_word' id='word_1_160' title='bbox 1243 1683 1316 1742; x_wconf 83' lang='lat' dir='ltr'><strong>obli-</strong></span> 
     </span>
     <span class='ocr_line' id='line_1_18' title="bbox 183 1761 1314 1845; baseline -0.001 -22"><span class='ocrx_word' id='word_1_161' title='bbox 183 1781 241 1844; x_wconf 85' lang='lat' dir='ltr'><strong>qua</strong></span> <span class='ocrx_word' id='word_1_162' title='bbox 260 1769 290 1822; x_wconf 91' lang='lat' dir='ltr'><strong>et</strong></span> <span class='ocrx_word' id='word_1_163' title='bbox 308 1779 443 1842; x_wconf 85' lang='lat' dir='ltr'><strong>perversa</strong></span> <span class='ocrx_word' id='word_1_164' title='bbox 461 1763 601 1835; x_wconf 87' lang='lat' dir='ltr'><strong>insistant,</strong></span> <span class='ocrx_word' id='word_1_165' title='bbox 620 1761 677 1821; x_wconf 88' lang='lat' dir='ltr'><strong>hcc</strong></span> <span class='ocrx_word' id='word_1_166' title='bbox 696 1770 740 1821; x_wconf 90' lang='lat' dir='ltr'><strong>est</strong></span> <span class='ocrx_word' id='word_1_167' title='bbox 760 1765 879 1823; x_wconf 85' lang='lat' dir='ltr'><strong>scientes</strong></span> <span class='ocrx_word' id='word_1_168' title='bbox 898 1767 929 1822; x_wconf 82' lang='lat' dir='ltr'><strong>et</strong></span> <span class='ocrx_word' id='word_1_169' title='bbox 943 1762 1072 1822; x_wconf 83' lang='lat' dir='ltr'><strong>volentes</strong></span> <span class='ocrx_word' id='word_1_170' title='bbox 1092 1781 1125 1822; x_wconf 87' lang='lat' dir='ltr'><strong>sc</strong></span> <span class='ocrx_word' id='word_1_171' title='bbox 1144 1763 1183 1821; x_wconf 94' lang='lat' dir='ltr'><strong>ad</strong></span> <span class='ocrx_word' id='word_1_172' title='bbox 1199 1783 1314 1845; x_wconf 71' lang='lat' dir='ltr'><strong>peream</strong></span> 
     </span>
     <span class='ocr_line' id='line_1_19' title="bbox 183 1839 1313 1924; baseline -0.002 -20"><span class='ocrx_word' id='word_1_173' title='bbox 183 1841 424 1913; x_wconf 72' lang='lat' dir='ltr'><strong>dnmmbdurent.</strong></span> <span class='ocrx_word' id='word_1_174' title='bbox 463 1839 591 1902; x_wconf 81' lang='lat' dir='ltr'><strong>&#39;landem</strong></span> <span class='ocrx_word' id='word_1_175' title='bbox 610 1843 682 1902; x_wconf 83' lang='lat' dir='ltr'><strong>ratio</strong></span> <span class='ocrx_word' id='word_1_176' title='bbox 702 1841 833 1916; x_wconf 75' lang='lat' dir='ltr'><strong>additur,</strong></span> <span class='ocrx_word' id='word_1_177' title='bbox 852 1844 921 1921; x_wconf 77' lang='lat' dir='ltr'><strong>quia</strong></span> <span class='ocrx_word' id='word_1_178' title='bbox 940 1841 996 1900; x_wconf 90' lang='lat' dir='ltr'><strong>illis</strong></span> <span class='ocrx_word' id='word_1_179' title='bbox 1015 1842 1122 1902; x_wconf 89' lang='lat' dir='ltr'><strong>malum</strong></span> <span class='ocrx_word' id='word_1_180' title='bbox 1144 1861 1206 1904; x_wconf 90' lang='lat' dir='ltr'><strong>non</strong></span> <span class='ocrx_word' id='word_1_181' title='bbox 1221 1845 1313 1924; x_wconf 78' lang='lat' dir='ltr'><strong>d‘npli-</strong></span> 
     </span>
     <span class='ocr_line' id='line_1_20' title="bbox 184 1920 1318 2017; baseline -0.003 -32"><span class='ocrx_word' id='word_1_182' title='bbox 184 1930 256 1985; x_wconf 79' lang='lat' dir='ltr'><strong>eeat.</strong></span> <span class='ocrx_word' id='word_1_183' title='bbox 276 1920 446 1982; x_wconf 84' lang='lat' dir='ltr'><strong>Voluntaria</strong></span> <span class='ocrx_word' id='word_1_184' title='bbox 465 1923 544 2017; x_wconf 80' lang='lat' dir='ltr'><strong>euim</strong></span> <span class='ocrx_word' id='word_1_185' title='bbox 561 1924 682 1982; x_wconf 88' lang='lat' dir='ltr'><strong>caecitas</strong></span> <span class='ocrx_word' id='word_1_186' title='bbox 701 1938 751 1983; x_wconf 86' lang='lat' dir='ltr'><strong>eos</strong></span> <span class='ocrx_word' id='word_1_187' title='bbox 772 1924 946 2016; x_wconf 62' lang='lat' dir='ltr'><strong>praecipitat,</strong></span> <span class='ocrx_word' id='word_1_188' title='bbox 966 1927 999 1980; x_wconf 91' lang='lat' dir='ltr'><strong>ut</strong></span> <span class='ocrx_word' id='word_1_189' title='bbox 1017 1922 1171 1982; x_wconf 74' lang='lat' dir='ltr'><strong>sceleribus</strong></span> <span class='ocrx_word' id='word_1_190' title='bbox 1191 1925 1268 1984; x_wconf 83' lang='lat' dir='ltr'><strong>ultro</strong></span> <span class='ocrx_word' id='word_1_191' title='bbox 1285 1943 1318 1982; x_wconf 86' lang='lat' dir='ltr'><strong>se</strong></span> 
     </span>
     <span class='ocr_line' id='line_1_21' title="bbox 182 2001 1317 2162; baseline 0.001 -18"><span class='ocrx_word' id='word_1_192' title='bbox 182 2008 353 2162; x_wconf 58' lang='lat' dir='ltr'><strong>iillffil</strong></span> <span class='ocrx_word' id='word_1_193' title='bbox 371 2001 453 2144; x_wconf 67' lang='lat' dir='ltr'><strong>rii-l</strong></span> <span class='ocrx_word' id='word_1_194' title='bbox 470 2001 1317 2162; x_wconf 54' lang='lat' dir='ltr'><strong>:ultast-stttttltll?itti-stt?st*itta</strong></span> 
     </span>
     <span class='ocr_line' id='line_1_22' title="bbox 183 2160 1317 2242; baseline -0.002 -16"><span class='ocrx_word' id='word_1_195' title='bbox 183 2169 330 2240; x_wconf 69' lang='lat' dir='ltr'><strong>censores,</strong></span> <span class='ocrx_word' id='word_1_196' title='bbox 351 2162 399 2234; x_wconf 53' lang='lat' dir='ltr'><strong>,itti</strong></span> <span class='ocrx_word' id='word_1_197' title='bbox 424 2161 497 2220; x_wconf 78' lang='lat' dir='ltr'><strong>laxis</strong></span> <span class='ocrx_word' id='word_1_198' title='bbox 523 2160 639 2221; x_wconf 84' lang='lat' dir='ltr'><strong>babonis</strong></span> <span class='ocrx_word' id='word_1_199' title='bbox 662 2163 693 2222; x_wconf 90' lang='lat' dir='ltr'><strong>iu</strong></span> <span class='ocrx_word' id='word_1_200' title='bbox 713 2163 782 2222; x_wconf 77' lang='lat' dir='ltr'><strong>vitia</strong></span> <span class='ocrx_word' id='word_1_201' title='bbox 808 2164 970 2242; x_wconf 82' lang='lat' dir='ltr'><strong>rapiuntur:</strong></span> <span class='ocrx_word' id='word_1_202' title='bbox 1000 2161 1029 2221; x_wconf 90' lang='lat' dir='ltr'><strong>bi</strong></span> <span class='ocrx_word' id='word_1_203' title='bbox 1049 2163 1220 2224; x_wconf 74' lang='lat' dir='ltr'><strong>cohibentur</strong></span> <span class='ocrx_word' id='word_1_204' title='bbox 1239 2165 1317 2224; x_wconf 81' lang='lat' dir='ltr'><strong>frene</strong></span> 
     </span>
     <span class='ocr_line' id='line_1_23' title="bbox 182 2239 1320 2322; baseline 0.001 -18"><span class='ocrx_word' id='word_1_205' title='bbox 182 2244 293 2304; x_wconf 83' lang='lat' dir='ltr'><strong>timoris</strong></span> <span class='ocrx_word' id='word_1_206' title='bbox 313 2239 439 2320; x_wconf 85' lang='lat' dir='ltr'><strong>Dei,illi</strong></span> <span class='ocrx_word' id='word_1_207' title='bbox 458 2241 565 2300; x_wconf 82' lang='lat' dir='ltr'><strong>cavillis</strong></span> <span class='ocrx_word' id='word_1_208' title='bbox 585 2241 723 2322; x_wconf 78' lang='lat' dir='ltr'><strong>obtegunt</strong></span> <span class='ocrx_word' id='word_1_209' title='bbox 742 2241 790 2300; x_wconf 86' lang='lat' dir='ltr'><strong>vel</strong></span> <span class='ocrx_word' id='word_1_210' title='bbox 809 2241 915 2301; x_wconf 86' lang='lat' dir='ltr'><strong>fucant&#39;</strong></span> <span class='ocrx_word' id='word_1_211' title='bbox 926 2261 977 2300; x_wconf 89' lang='lat' dir='ltr'><strong>sua</strong></span> <span class='ocrx_word' id='word_1_212' title='bbox 997 2243 1107 2314; x_wconf 89' lang='lat' dir='ltr'><strong>delicta,</strong></span> <span class='ocrx_word' id='word_1_213' title='bbox 1126 2251 1157 2304; x_wconf 91' lang='lat' dir='ltr'><strong>et</strong></span> <span class='ocrx_word' id='word_1_214' title='bbox 1177 2245 1271 2305; x_wconf 79' lang='lat' dir='ltr'><strong>luceru</strong></span> <span class='ocrx_word' id='word_1_215' title='bbox 1289 2247 1320 2304; x_wconf 91' lang='lat' dir='ltr'><strong>in</strong></span> 
     </span>
     <span class='ocr_line' id='line_1_24' title="bbox 183 2320 1319 2404; baseline 0.001 -20"><span class='ocrx_word' id='word_1_216' title='bbox 183 2322 313 2384; x_wconf 89' lang='lat' dir='ltr'><strong>tenebras</strong></span> <span class='ocrx_word' id='word_1_217' title='bbox 332 2327 516 2380; x_wconf 78' lang='lat' dir='ltr'><strong>convertunt:</strong></span> <span class='ocrx_word' id='word_1_218' title='bbox 546 2320 576 2380; x_wconf 89' lang='lat' dir='ltr'><strong>bi</strong></span> <span class='ocrx_word' id='word_1_219' title='bbox 596 2339 665 2381; x_wconf 85' lang='lat' dir='ltr'><strong>vero</strong></span> <span class='ocrx_word' id='word_1_220' title='bbox 685 2321 981 2402; x_wconf 66' lang='lat' dir='ltr'><strong>libenteraguoscnut</strong></span> <span class='ocrx_word' id='word_1_221' title='bbox 1005 2341 1037 2381; x_wconf 86' lang='lat' dir='ltr'><strong>se</strong></span> <span class='ocrx_word' id='word_1_222' title='bbox 1055 2339 1205 2404; x_wconf 78' lang='lat' dir='ltr'><strong>peccasse,</strong></span> <span class='ocrx_word' id='word_1_223' title='bbox 1229 2332 1261 2384; x_wconf 88' lang='lat' dir='ltr'><strong>et</strong></span> <span class='ocrx_word' id='word_1_224' title='bbox 1279 2323 1319 2384; x_wconf 90' lang='lat' dir='ltr'><strong>iu·</strong></span> 
     </span>
     <span class='ocr_line' id='line_1_25' title="bbox 182 2401 1318 2486; baseline 0.002 -24"><span class='ocrx_word' id='word_1_225' title='bbox 182 2419 276 2486; x_wconf 75' lang='lat' dir='ltr'><strong>genna</strong></span> <span class='ocrx_word' id='word_1_226' title='bbox 295 2401 472 2461; x_wconf 80' lang='lat' dir='ltr'><strong>confessione</strong></span> <span class='ocrx_word' id='word_1_227' title='bbox 490 2401 528 2460; x_wconf 90' lang='lat' dir='ltr'><strong>ad</strong></span> <span class='ocrx_word' id='word_1_228' title='bbox 548 2402 750 2482; x_wconf 89' lang='lat' dir='ltr'><strong>poenitentiam</strong></span> <span class='ocrx_word' id='word_1_229' title='bbox 770 2421 801 2462; x_wconf 89' lang='lat' dir='ltr'><strong>se</strong></span> <span class='ocrx_word' id='word_1_230' title='bbox 820 2401 980 2473; x_wconf 89' lang='lat' dir='ltr'><strong>hortantur,</strong></span> <span class='ocrx_word' id='word_1_231' title='bbox 1000 2403 1040 2462; x_wconf 91' lang='lat' dir='ltr'><strong>illi</strong></span> <span class='ocrx_word' id='word_1_232' title='bbox 1054 2405 1318 2484; x_wconf 82' lang='lat' dir='ltr'><strong>repudiantsauuru</strong></span> 
     </span>
     <span class='ocr_line' id='line_1_26' title="bbox 138 2480 1319 2564; baseline 0.003 -22"><span class='ocrx_word' id='word_1_233' title='bbox 138 2512 141 2526; x_wconf 64' lang='lat'><strong>,</strong></span> <span class='ocrx_word' id='word_1_234' title='bbox 184 2501 269 2543; x_wconf 88' lang='lat' dir='ltr'><strong>omne</strong></span> <span class='ocrx_word' id='word_1_235' title='bbox 292 2481 441 2542; x_wconf 84' lang='lat' dir='ltr'><strong>iudicium:</strong></span> <span class='ocrx_word' id='word_1_236' title='bbox 469 2480 500 2540; x_wconf 91' lang='lat' dir='ltr'><strong>hi</strong></span> <span class='ocrx_word' id='word_1_237' title='bbox 530 2482 575 2540; x_wconf 81' lang='lat' dir='ltr'><strong>ad</strong></span> <span class='ocrx_word' id='word_1_238' title='bbox 591 2482 665 2542; x_wconf 81' lang='lat' dir='ltr'><strong>vitae</strong></span> <span class='ocrx_word' id='word_1_239' title='bbox 689 2481 783 2541; x_wconf 89' lang='lat' dir='ltr'><strong>lucem</strong></span> <span class='ocrx_word' id='word_1_240' title='bbox 808 2499 951 2561; x_wconf 80' lang='lat' dir='ltr'><strong>emergere</strong></span> <span class='ocrx_word' id='word_1_241' title='bbox 976 2501 1090 2562; x_wconf 85' lang='lat' dir='ltr'><strong>semper</strong></span> <span class='ocrx_word' id='word_1_242' title='bbox 1113 2486 1250 2564; x_wconf 88' lang='lat' dir='ltr'><strong>eupiunt,</strong></span> <span class='ocrx_word' id='word_1_243' title='bbox 1279 2485 1319 2544; x_wconf 91' lang='lat' dir='ltr'><strong>illi</strong></span> 
     </span>
     <span class='ocr_line' id='line_1_27' title="bbox 183 2560 1318 2644; baseline 0.002 -22"><span class='ocrx_word' id='word_1_244' title='bbox 183 2581 269 2644; x_wconf 88' lang='lat' dir='ltr'><strong>super</strong></span> <span class='ocrx_word' id='word_1_245' title='bbox 288 2560 381 2622; x_wconf 82' lang='lat' dir='ltr'><strong>cubile</strong></span> <span class='ocrx_word' id='word_1_246' title='bbox 399 2561 563 2641; x_wconf 79' lang='lat' dir='ltr'><strong>excogitant</strong></span> <span class='ocrx_word' id='word_1_247' title='bbox 580 2563 676 2622; x_wconf 78' lang='lat' dir='ltr'><strong>serios</strong></span> <span class='ocrx_word' id='word_1_248' title='bbox 691 2561 828 2642; x_wconf 83' lang='lat' dir='ltr'><strong>peccandi</strong></span> <span class='ocrx_word' id='word_1_249' title='bbox 842 2562 956 2620; x_wconf 73' lang='lat' dir='ltr'><strong>modost</strong></span> <span class='ocrx_word' id='word_1_250' title='bbox 976 2561 1005 2620; x_wconf 90' lang='lat' dir='ltr'><strong>hi</strong></span> <span class='ocrx_word' id='word_1_251' title='bbox 1020 2564 1120 2626; x_wconf 87' lang='lat' dir='ltr'><strong>sedulo</strong></span> <span class='ocrx_word' id='word_1_252' title='bbox 1134 2565 1238 2624; x_wconf 87' lang='lat' dir='ltr'><strong>intenti</strong></span> <span class='ocrx_word' id='word_1_253' title='bbox 1253 2572 1318 2624; x_wconf 83' lang='lat' dir='ltr'><strong>nunt</strong></span> 
     </span>
     <span class='ocr_line' id='line_1_28' title="bbox 181 2639 1318 2724; baseline 0.002 -23"><span class='ocrx_word' id='word_1_254' title='bbox 181 2659 219 2710; x_wconf 83' lang='lat' dir='ltr'><strong>ue</strong></span> <span class='ocrx_word' id='word_1_255' title='bbox 243 2641 296 2701; x_wconf 88' lang='lat' dir='ltr'><strong>sibi</strong></span> <span class='ocrx_word' id='word_1_256' title='bbox 322 2639 456 2721; x_wconf 89' lang='lat' dir='ltr'><strong>peccandi</strong></span> <span class='ocrx_word' id='word_1_257' title='bbox 483 2641 665 2721; x_wconf 72' lang='lat' dir='ltr'><strong>cupiditatem</strong></span> <span class='ocrx_word' id='word_1_258' title='bbox 690 2647 848 2714; x_wconf 82' lang='lat' dir='ltr'><strong>accersant,</strong></span> <span class='ocrx_word' id='word_1_259' title='bbox 877 2641 1000 2701; x_wconf 84' lang='lat' dir='ltr'><strong>illi&#39;alte</strong></span> <span class='ocrx_word' id='word_1_260' title='bbox 1028 2659 1059 2702; x_wconf 89' lang='lat' dir='ltr'><strong>sa</strong></span> <span class='ocrx_word' id='word_1_261' title='bbox 1089 2643 1261 2724; x_wconf 78' lang='lat' dir='ltr'><strong>demergunt</strong></span> <span class='ocrx_word' id='word_1_262' title='bbox 1289 2646 1318 2704; x_wconf 91' lang='lat' dir='ltr'><strong>iu</strong></span> 
     </span>
     <span class='ocr_line' id='line_1_29' title="bbox 181 2717 1319 2803; baseline 0.003 -21"><span class='ocrx_word' id='word_1_263' title='bbox 181 2720 240 2782; x_wconf 92' lang='lat' dir='ltr'><strong>Dei</strong></span> <span class='ocrx_word' id='word_1_264' title='bbox 258 2727 438 2802; x_wconf 82' lang='lat' dir='ltr'><strong>contemptu:</strong></span> <span class='ocrx_word' id='word_1_265' title='bbox 459 2719 489 2780; x_wconf 90' lang='lat' dir='ltr'><strong>bi</strong></span> <span class='ocrx_word' id='word_1_266' title='bbox 509 2739 578 2782; x_wconf 79' lang='lat' dir='ltr'><strong>vero</strong></span> <span class='ocrx_word' id='word_1_267' title='bbox 598 2723 628 2780; x_wconf 91' lang='lat' dir='ltr'><strong>in</strong></span> <span class='ocrx_word' id='word_1_268' title='bbox 642 2722 784 2782; x_wconf 84' lang='lat' dir='ltr'><strong>malorum</strong></span> <span class='ocrx_word' id='word_1_269' title='bbox 799 2739 916 2780; x_wconf 90' lang='lat' dir='ltr'><strong>suornm</strong></span> <span class='ocrx_word' id='word_1_270' title='bbox 932 2717 1108 2803; x_wconf 81' lang='lat' dir='ltr'><strong>displicentia</strong></span> <span class='ocrx_word' id='word_1_271' title='bbox 1123 2723 1246 2784; x_wconf 80' lang='lat' dir='ltr'><strong>libenter</strong></span> <span class='ocrx_word' id='word_1_272' title='bbox 1259 2743 1319 2785; x_wconf 82' lang='lat' dir='ltr'><strong>sese</strong></span> 
     </span>
     <span class='ocr_line' id='line_1_30' title="bbox 181 2805 324 2863; baseline -0.007 0"><span class='ocrx_word' id='word_1_273' title='bbox 181 2805 324 2863; x_wconf 79' lang='lat' dir='ltr'><strong>exercent</strong></span> 
     </span>
    </p>
   </div>
   <div class='ocr_carea' id='block_1_5' title="bbox 177 2973 1321 3696">
    <p class='ocr_par' dir='ltr' id='par_1_5' title="bbox 177 2973 1321 3696">
     <span class='ocr_line' id='line_1_31' title="bbox 269 2973 1318 3070; baseline 0.002 -26"><span class='ocrx_word' id='word_1_274' title='bbox 269 2975 301 3046; x_wconf 87' lang='grc'><strong>6.</strong></span> <span class='ocrx_word' id='word_1_275' title='bbox 333 2973 466 3058; x_wconf 74' lang='lat' dir='ltr'><strong>lebona,</strong></span> <span class='ocrx_word' id='word_1_276' title='bbox 488 2973 528 3042; x_wconf 91' lang='lat' dir='ltr'><strong>ad</strong></span> <span class='ocrx_word' id='word_1_277' title='bbox 550 2975 657 3044; x_wconf 88' lang='lat' dir='ltr'><strong>coelos</strong></span> <span class='ocrx_word' id='word_1_278' title='bbox 679 2973 890 3054; x_wconf 85' lang='lat' dir='ltr'><strong>misericordia</strong></span> <span class='ocrx_word' id='word_1_279' title='bbox 912 2983 981 3061; x_wconf 88' lang='lat' dir='ltr'><strong>tua,</strong></span> <span class='ocrx_word' id='word_1_280' title='bbox 1001 2976 1117 3044; x_wconf 79' lang='lat' dir='ltr'><strong>veritas</strong></span> <span class='ocrx_word' id='word_1_281' title='bbox 1138 2985 1194 3044; x_wconf 89' lang='lat' dir='ltr'><strong>tna</strong></span> <span class='ocrx_word' id='word_1_282' title='bbox 1216 2999 1318 3070; x_wconf 80' lang='lat' dir='ltr'><strong>usque</strong></span> 
     </span>
     <span class='ocr_line' id='line_1_32' title="bbox 181 3079 1320 3175; baseline -0.004 -21"><span class='ocrx_word' id='word_1_283' title='bbox 181 3083 222 3154; x_wconf 85' lang='lat' dir='ltr'><strong>ad</strong></span> <span class='ocrx_word' id='word_1_284' title='bbox 242 3083 355 3150; x_wconf 85' lang='lat' dir='ltr'><strong>nubes.</strong></span> <span class='ocrx_word' id='word_1_285' title='bbox 401 3081 431 3148; x_wconf 93' lang='grc'><strong>7.</strong></span> <span class='ocrx_word' id='word_1_286' title='bbox 459 3079 579 3150; x_wconf 89' lang='lat' dir='ltr'><strong>lustitia</strong></span> <span class='ocrx_word' id='word_1_287' title='bbox 600 3092 655 3150; x_wconf 87' lang='lat' dir='ltr'><strong>tua</strong></span> <span class='ocrx_word' id='word_1_288' title='bbox 677 3081 759 3152; x_wconf 84' lang='lat' dir='ltr'><strong>sieut</strong></span> <span class='ocrx_word' id='word_1_289' title='bbox 778 3092 906 3152; x_wconf 82' lang='lat' dir='ltr'><strong>montes</strong></span> <span class='ocrx_word' id='word_1_290' title='bbox 928 3081 1000 3166; x_wconf 88' lang='lat' dir='ltr'><strong>Dei,</strong></span> <span class='ocrx_word' id='word_1_291' title='bbox 1021 3083 1133 3152; x_wconf 89' lang='lat' dir='ltr'><strong>iudicia</strong></span> <span class='ocrx_word' id='word_1_292' title='bbox 1155 3094 1210 3152; x_wconf 84' lang='lat' dir='ltr'><strong>tua</strong></span> <span class='ocrx_word' id='word_1_293' title='bbox 1232 3085 1320 3175; x_wconf 79' lang='lat' dir='ltr'><strong>abys</strong></span> 
     </span>
     <span class='ocr_line' id='line_1_33' title="bbox 182 3187 1318 3280; baseline 0.001 -24"><span class='ocrx_word' id='word_1_294' title='bbox 182 3211 237 3256; x_wconf 88' lang='lat' dir='ltr'><strong>sus</strong></span> <span class='ocrx_word' id='word_1_295' title='bbox 258 3209 388 3280; x_wconf 77' lang='lat' dir='ltr'><strong>magnac</strong></span> <span class='ocrx_word' id='word_1_296' title='bbox 408 3187 572 3254; x_wconf 90' lang='lat' dir='ltr'><strong>bominem</strong></span> <span class='ocrx_word' id='word_1_297' title='bbox 592 3197 626 3255; x_wconf 89' lang='lat' dir='ltr'><strong>et</strong></span> <span class='ocrx_word' id='word_1_298' title='bbox 647 3189 824 3256; x_wconf 83' lang='lat' dir='ltr'><strong>intuentum</strong></span> <span class='ocrx_word' id='word_1_299' title='bbox 845 3209 952 3256; x_wconf 80' lang='lat' dir='ltr'><strong>servas</strong></span> <span class='ocrx_word' id='word_1_300' title='bbox 974 3188 1100 3258; x_wconf 87' lang='lat' dir='ltr'><strong>lebovs.</strong></span> <span class='ocrx_word' id='word_1_301' title='bbox 1147 3197 1180 3260; x_wconf 90' lang='lat'><strong>8.</strong></span> <span class='ocrx_word' id='word_1_302' title='bbox 1213 3190 1318 3276; x_wconf 77' lang='lat' dir='ltr'><strong>Quium</strong></span> 
     </span>
     <span class='ocr_line' id='line_1_34' title="bbox 181 3287 1321 3386; baseline 0.002 -25"><span class='ocrx_word' id='word_1_303' title='bbox 181 3295 318 3386; x_wconf 88' lang='lat' dir='ltr'><strong>pretiosa</strong></span> <span class='ocrx_word' id='word_1_304' title='bbox 339 3293 463 3359; x_wconf 86' lang='lat' dir='ltr'><strong>bonitas</strong></span> <span class='ocrx_word' id='word_1_305' title='bbox 484 3303 539 3359; x_wconf 91' lang='lat' dir='ltr'><strong>tua</strong></span> <span class='ocrx_word' id='word_1_306' title='bbox 555 3291 658 3362; x_wconf 87' lang='lat' dir='ltr'><strong>Deus!</strong></span> <span class='ocrx_word' id='word_1_307' title='bbox 680 3293 786 3385; x_wconf 88' lang='lat' dir='ltr'><strong>itaque</strong></span> <span class='ocrx_word' id='word_1_308' title='bbox 808 3287 861 3360; x_wconf 80' lang='lat' dir='ltr'><strong>filli</strong></span> <span class='ocrx_word' id='word_1_309' title='bbox 883 3294 1050 3380; x_wconf 82' lang='lat' dir='ltr'><strong>bominum</strong></span> <span class='ocrx_word' id='word_1_310' title='bbox 1072 3293 1105 3362; x_wconf 89' lang='lat' dir='ltr'><strong>in</strong></span> <span class='ocrx_word' id='word_1_311' title='bbox 1126 3295 1242 3365; x_wconf 84' lang='lat' dir='ltr'><strong>umbra</strong></span> <span class='ocrx_word' id='word_1_312' title='bbox 1264 3297 1321 3364; x_wconf 75' lang='lat' dir='ltr'><strong>ala</strong></span> 
     </span>
     <span class='ocr_line' id='line_1_35' title="bbox 180 3396 1319 3494; baseline 0.002 -26"><span class='ocrx_word' id='word_1_313' title='bbox 180 3423 254 3468; x_wconf 88' lang='lat' dir='ltr'><strong>rum</strong></span> <span class='ocrx_word' id='word_1_314' title='bbox 281 3409 409 3467; x_wconf 81' lang='lat' dir='ltr'><strong>tunmm</strong></span> <span class='ocrx_word' id='word_1_315' title='bbox 436 3396 607 3468; x_wconf 86' lang='lat' dir='ltr'><strong>confident.</strong></span> <span class='ocrx_word' id='word_1_316' title='bbox 656 3399 689 3468; x_wconf 87' lang='lat'><strong>9.</strong></span> <span class='ocrx_word' id='word_1_317' title='bbox 722 3399 953 3468; x_wconf 87' lang='lat' dir='ltr'><strong>Saturabuutur</strong></span> <span class='ocrx_word' id='word_1_318' title='bbox 985 3401 1177 3494; x_wconf 75' lang='lat' dir='ltr'><strong>pinguedine</strong></span> <span class='ocrx_word' id='word_1_319' title='bbox 1202 3403 1319 3472; x_wconf 88' lang='lat' dir='ltr'><strong>domus</strong></span> 
     </span>
     <span class='ocr_line' id='line_1_36' title="bbox 178 3503 1319 3608; baseline 0.004 -36"><span class='ocrx_word' id='word_1_320' title='bbox 178 3515 262 3586; x_wconf 88' lang='lat' dir='ltr'><strong>tuoe,</strong></span> <span class='ocrx_word' id='word_1_321' title='bbox 284 3515 317 3572; x_wconf 88' lang='lat' dir='ltr'><strong>et</strong></span> <span class='ocrx_word' id='word_1_322' title='bbox 337 3504 435 3572; x_wconf 78' lang='lat' dir='ltr'><strong>lluvio</strong></span> <span class='ocrx_word' id='word_1_323' title='bbox 457 3503 639 3573; x_wconf 89' lang='lat' dir='ltr'><strong>deliciarum</strong></span> <span class='ocrx_word' id='word_1_324' title='bbox 659 3515 785 3572; x_wconf 88' lang='lat' dir='ltr'><strong>tuamm</strong></span> <span class='ocrx_word' id='word_1_325' title='bbox 807 3507 933 3598; x_wconf 89' lang='lat' dir='ltr'><strong>potabis</strong></span> <span class='ocrx_word' id='word_1_326' title='bbox 955 3529 1021 3575; x_wconf 88' lang='lat' dir='ltr'><strong>eos.</strong></span> <span class='ocrx_word' id='word_1_327' title='bbox 1037 3603 1040 3608; x_wconf 15' lang='grc' dir='ltr'><strong>Δ</strong></span> <span class='ocrx_word' id='word_1_328' title='bbox 1058 3509 1111 3573; x_wconf 90' lang='grc'><strong>10.</strong></span> <span class='ocrx_word' id='word_1_329' title='bbox 1135 3508 1218 3594; x_wconf 82' lang='lat' dir='ltr'><strong>Quis</strong></span> <span class='ocrx_word' id='word_1_330' title='bbox 1234 3509 1319 3604; x_wconf 87' lang='lat' dir='ltr'><strong>apud</strong></span> 
     </span>
     <span class='ocr_line' id='line_1_37' title="bbox 177 3609 1167 3696; baseline 0.004 -18"><span class='ocrx_word' id='word_1_331' title='bbox 177 3621 210 3679; x_wconf 86' lang='lat' dir='ltr'><strong>te</strong></span> <span class='ocrx_word' id='word_1_332' title='bbox 232 3621 281 3678; x_wconf 87' lang='lat' dir='ltr'><strong>est</strong></span> <span class='ocrx_word' id='word_1_333' title='bbox 303 3610 382 3690; x_wconf 58' lang='lat' dir='ltr'><strong>lons,</strong></span> <span class='ocrx_word' id='word_1_334' title='bbox 398 3611 491 3696; x_wconf 83' lang='lat' dir='ltr'><strong>vitae,</strong></span> <span class='ocrx_word' id='word_1_335' title='bbox 513 3623 546 3680; x_wconf 89' lang='lat' dir='ltr'><strong>et</strong></span> <span class='ocrx_word' id='word_1_336' title='bbox 566 3611 599 3678; x_wconf 90' lang='lat' dir='ltr'><strong>in</strong></span> <span class='ocrx_word' id='word_1_337' title='bbox 621 3609 741 3680; x_wconf 89' lang='lat' dir='ltr'><strong>lumine</strong></span> <span class='ocrx_word' id='word_1_338' title='bbox 763 3621 820 3680; x_wconf 91' lang='lat' dir='ltr'><strong>tuo</strong></span> <span class='ocrx_word' id='word_1_339' title='bbox 843 3611 1000 3681; x_wconf 88' lang='lat' dir='ltr'><strong>videbitur</strong></span> <span class='ocrx_word' id='word_1_340' title='bbox 1020 3611 1167 3692; x_wconf 64' lang='lat' dir='ltr'><strong>lumen..</strong></span> 
     </span>
    </p>
   </div>
   <div class='ocr_carea' id='block_1_6' title="bbox 177 3755 1320 4480">
    <p class='ocr_par' dir='ltr' id='par_1_6' title="bbox 177 3755 1320 4480">
     <span class='ocr_line' id='line_1_38' title="bbox 257 3755 1320 3842; baseline 0.004 -26"><span class='ocrx_word' id='word_1_341' title='bbox 257 3757 286 3816; x_wconf 79' lang='lat'><strong>6.</strong></span> <span class='ocrx_word' id='word_1_342' title='bbox 306 3757 426 3833; x_wconf 78' lang='lat' dir='ltr'><strong>laboro,</strong></span> <span class='ocrx_word' id='word_1_343' title='bbox 447 3757 490 3816; x_wconf 83' lang='lat' dir='ltr'><strong>od</strong></span> <span class='ocrx_word' id='word_1_344' title='bbox 504 3759 610 3832; x_wconf 84' lang='lat' dir='ltr'><strong>coelos,</strong></span> <span class='ocrx_word' id='word_1_345' title='bbox 630 3760 685 3818; x_wconf 77' lang='lat' dir='ltr'><strong>etc.</strong></span> <span class='ocrx_word' id='word_1_346' title='bbox 706 3755 815 3818; x_wconf 77' lang='lat' dir='ltr'><strong>Putant</strong></span> <span class='ocrx_word' id='word_1_347' title='bbox 828 3759 996 3838; x_wconf 79' lang='lat' dir='ltr'><strong>interpretes</strong></span> <span class='ocrx_word' id='word_1_348' title='bbox 1012 3764 1166 3840; x_wconf 82' lang='lat' dir='ltr'><strong>postquam</strong></span> <span class='ocrx_word' id='word_1_349' title='bbox 1186 3763 1320 3842; x_wconf 77' lang='lat' dir='ltr'><strong>exposuit</strong></span> 
     </span>
     <span class='ocr_line' id='line_1_39' title="bbox 178 3831 1319 3920; baseline 0.009 -27"><span class='ocrx_word' id='word_1_350' title='bbox 178 3831 272 3893; x_wconf 89' lang='lat' dir='ltr'><strong>David</strong></span> <span class='ocrx_word' id='word_1_351' title='bbox 300 3843 405 3914; x_wconf 84' lang='lat' dir='ltr'><strong>quanta</strong></span> <span class='ocrx_word' id='word_1_352' title='bbox 432 3838 538 3916; x_wconf 85' lang='lat' dir='ltr'><strong>passim</strong></span> <span class='ocrx_word' id='word_1_353' title='bbox 562 3844 706 3916; x_wconf 79' lang='lat' dir='ltr'><strong>grassetur</strong></span> <span class='ocrx_word' id='word_1_354' title='bbox 730 3837 759 3896; x_wconf 89' lang='lat' dir='ltr'><strong>in</strong></span> <span class='ocrx_word' id='word_1_355' title='bbox 784 3837 892 3896; x_wconf 89' lang='lat' dir='ltr'><strong>mundo</strong></span> <span class='ocrx_word' id='word_1_356' title='bbox 918 3839 1064 3918; x_wconf 86' lang='lat' dir='ltr'><strong>corruptio</strong></span> <span class='ocrx_word' id='word_1_357' title='bbox 1085 3845 1114 3897; x_wconf 92' lang='lat' dir='ltr'><strong>et</strong></span> <span class='ocrx_word' id='word_1_358' title='bbox 1136 3842 1319 3920; x_wconf 73' lang='lat' dir='ltr'><strong>perversitas,</strong></span> 
     </span>
     <span class='ocr_line' id='line_1_40' title="bbox 180 3915 1319 3998; baseline 0.006 -26"><span class='ocrx_word' id='word_1_359' title='bbox 180 3915 329 3974; x_wconf 78' lang='lat' dir='ltr'><strong>occasione</strong></span> <span class='ocrx_word' id='word_1_360' title='bbox 349 3915 415 3975; x_wconf 90' lang='lat' dir='ltr'><strong>hinc</strong></span> <span class='ocrx_word' id='word_1_361' title='bbox 435 3922 548 3994; x_wconf 87' lang='lat' dir='ltr'><strong>sumpta</strong></span> <span class='ocrx_word' id='word_1_362' title='bbox 568 3935 755 3998; x_wconf 83' lang='lat' dir='ltr'><strong>prorumpere</strong></span> <span class='ocrx_word' id='word_1_363' title='bbox 779 3918 809 3976; x_wconf 91' lang='lat' dir='ltr'><strong>in</strong></span> <span class='ocrx_word' id='word_1_364' title='bbox 835 3917 1050 3978; x_wconf 75' lang='lat' dir='ltr'><strong>admirationem</strong></span> <span class='ocrx_word' id='word_1_365' title='bbox 1074 3919 1251 3979; x_wconf 86' lang='lat' dir='ltr'><strong>incredibilis</strong></span> <span class='ocrx_word' id='word_1_366' title='bbox 1309 3955 1319 3969; x_wconf 90' lang='lat'>-</span> 
     </span>
     <span class='ocr_line' id='line_1_41' title="bbox 179 3983 1319 4074; baseline 0.008 -23"><span class='ocrx_word' id='word_1_367' title='bbox 179 3993 295 4052; x_wconf 87' lang='lat' dir='ltr'><strong>tieutiae</strong></span> <span class='ocrx_word' id='word_1_368' title='bbox 308 3993 372 4066; x_wconf 87' lang='lat' dir='ltr'><strong>Dei,</strong></span> <span class='ocrx_word' id='word_1_369' title='bbox 393 3987 471 4074; x_wconf 88' lang='lat' dir='ltr'><strong>quod</strong></span> <span class='ocrx_word' id='word_1_370' title='bbox 489 3993 646 4054; x_wconf 86' lang='lat' dir='ltr'><strong>homanum</strong></span> <span class='ocrx_word' id='word_1_371' title='bbox 661 4013 750 4074; x_wconf 80' lang='lat' dir='ltr'><strong>genus</strong></span> <span class='ocrx_word' id='word_1_372' title='bbox 770 4003 848 4056; x_wconf 90' lang='lat' dir='ltr'><strong>tauta</strong></span> <span class='ocrx_word' id='word_1_373' title='bbox 869 3998 1008 4058; x_wconf 86' lang='lat' dir='ltr'><strong>scelerum</strong></span> <span class='ocrx_word' id='word_1_374' title='bbox 1028 3983 1154 4058; x_wconf 81' lang='lat' dir='ltr'><strong>edllurie</strong></span> <span class='ocrx_word' id='word_1_375' title='bbox 1173 3999 1221 4060; x_wconf 82' lang='lat' dir='ltr'><strong>ref</strong></span> <span class='ocrx_word' id='word_1_376' title='bbox 1262 4019 1319 4072; x_wconf 83' lang='lat' dir='ltr'><strong>uns,</strong></span> 
     </span>
     <span class='ocr_line' id='line_1_42' title="bbox 180 4071 1319 4160; baseline 0.005 -28"><span class='ocrx_word' id='word_1_377' title='bbox 180 4071 279 4132; x_wconf 84' lang='lat' dir='ltr'><strong>favore</strong></span> <span class='ocrx_word' id='word_1_378' title='bbox 302 4081 333 4132; x_wconf 89' lang='lat' dir='ltr'><strong>et</strong></span> <span class='ocrx_word' id='word_1_379' title='bbox 358 4073 553 4132; x_wconf 84' lang='lat' dir='ltr'><strong>benevolentia</strong></span> <span class='ocrx_word' id='word_1_380' title='bbox 579 4078 714 4153; x_wconf 89' lang='lat' dir='ltr'><strong>prosequi</strong></span> <span class='ocrx_word' id='word_1_381' title='bbox 739 4095 797 4134; x_wconf 89' lang='lat' dir='ltr'><strong>non</strong></span> <span class='ocrx_word' id='word_1_382' title='bbox 818 4077 936 4135; x_wconf 89' lang='lat' dir='ltr'><strong>desinat.</strong></span> <span class='ocrx_word' id='word_1_383' title='bbox 967 4074 1029 4157; x_wconf 78' lang='lat' dir='ltr'><strong>Ego</strong></span> <span class='ocrx_word' id='word_1_384' title='bbox 1049 4095 1120 4138; x_wconf 86' lang='lat' dir='ltr'><strong>vero</strong></span> <span class='ocrx_word' id='word_1_385' title='bbox 1140 4097 1236 4160; x_wconf 88' lang='lat' dir='ltr'><strong>nuper</strong></span> <span class='ocrx_word' id='word_1_386' title='bbox 1261 4080 1319 4140; x_wconf 82' lang='lat' dir='ltr'><strong>dixi</strong></span> 
     </span>
     <span class='ocr_line' id='line_1_43' title="bbox 179 4151 1318 4240; baseline 0.006 -29"><span class='ocrx_word' id='word_1_387' title='bbox 179 4169 226 4212; x_wconf 89' lang='lat' dir='ltr'><strong>me</strong></span> <span class='ocrx_word' id='word_1_388' title='bbox 245 4153 331 4232; x_wconf 90' lang='lat' dir='ltr'><strong>paulo</strong></span> <span class='ocrx_word' id='word_1_389' title='bbox 351 4153 432 4212; x_wconf 86' lang='lat' dir='ltr'><strong>aliter</strong></span> <span class='ocrx_word' id='word_1_390' title='bbox 451 4154 564 4212; x_wconf 78' lang='lat' dir='ltr'><strong>sentire.</strong></span> <span class='ocrx_word' id='word_1_391' title='bbox 585 4151 730 4236; x_wconf 84' lang='lat' dir='ltr'><strong>Propheta</strong></span> <span class='ocrx_word' id='word_1_392' title='bbox 751 4158 825 4214; x_wconf 90' lang='lat' dir='ltr'><strong>enim</strong></span> <span class='ocrx_word' id='word_1_393' title='bbox 847 4155 894 4214; x_wconf 94' lang='lat' dir='ltr'><strong>ubi</strong></span> <span class='ocrx_word' id='word_1_394' title='bbox 910 4157 945 4216; x_wconf 89' lang='lat' dir='ltr'><strong>de</strong></span> <span class='ocrx_word' id='word_1_395' title='bbox 961 4175 1072 4217; x_wconf 88' lang='lat' dir='ltr'><strong>summa</strong></span> <span class='ocrx_word' id='word_1_396' title='bbox 1088 4157 1241 4223; x_wconf 87' lang='lat' dir='ltr'><strong>bominum</strong></span> <span class='ocrx_word' id='word_1_397' title='bbox 1257 4179 1318 4240; x_wconf 86' lang='lat' dir='ltr'><strong>pra-</strong></span> 
     </span>
     <span class='ocr_line' id='line_1_44' title="bbox 177 4231 1316 4320; baseline 0.005 -29"><span class='ocrx_word' id='word_1_398' title='bbox 177 4233 265 4292; x_wconf 84' lang='lat' dir='ltr'><strong>vitate</strong></span> <span class='ocrx_word' id='word_1_399' title='bbox 286 4232 426 4304; x_wconf 88' lang='lat' dir='ltr'><strong>disseruit,</strong></span> <span class='ocrx_word' id='word_1_400' title='bbox 447 4250 484 4291; x_wconf 90' lang='lat' dir='ltr'><strong>ue</strong></span> <span class='ocrx_word' id='word_1_401' title='bbox 503 4231 564 4312; x_wconf 91' lang='lat' dir='ltr'><strong>ipse</strong></span> <span class='ocrx_word' id='word_1_402' title='bbox 585 4251 702 4313; x_wconf 85' lang='lat' dir='ltr'><strong>quoque</strong></span> <span class='ocrx_word' id='word_1_403' title='bbox 722 4240 858 4314; x_wconf 67' lang='lat' dir='ltr'><strong>nuquam</strong></span> <span class='ocrx_word' id='word_1_404' title='bbox 879 4234 979 4296; x_wconf 80' lang='lat' dir='ltr'><strong>diluvii</strong></span> <span class='ocrx_word' id='word_1_405' title='bbox 993 4238 1103 4317; x_wconf 89' lang='lat' dir='ltr'><strong>impetu</strong></span> <span class='ocrx_word' id='word_1_406' title='bbox 1118 4239 1258 4320; x_wconf 81' lang='lat' dir='ltr'><strong>abreptus</strong></span> <span class='ocrx_word' id='word_1_407' title='bbox 1273 4239 1316 4298; x_wconf 82' lang='lat' dir='ltr'><strong>de</strong></span> 
     </span>
     <span class='ocr_line' id='line_1_45' title="bbox 178 4308 1317 4398; baseline 0.008 -31"><span class='ocrx_word' id='word_1_408' title='bbox 178 4308 269 4384; x_wconf 85' lang='lat' dir='ltr'><strong>liciat,</strong></span> <span class='ocrx_word' id='word_1_409' title='bbox 300 4312 425 4390; x_wconf 88' lang='lat' dir='ltr'><strong>seipsum</strong></span> <span class='ocrx_word' id='word_1_410' title='bbox 446 4311 563 4390; x_wconf 79' lang='lat' dir='ltr'><strong>colligit.</strong></span> <span class='ocrx_word' id='word_1_411' title='bbox 603 4310 654 4372; x_wconf 89' lang='lat' dir='ltr'><strong>Sic</strong></span> <span class='ocrx_word' id='word_1_412' title='bbox 673 4315 749 4374; x_wconf 89' lang='lat' dir='ltr'><strong>enim</strong></span> <span class='ocrx_word' id='word_1_413' title='bbox 769 4315 829 4376; x_wconf 85' lang='lat' dir='ltr'><strong>iere</strong></span> <span class='ocrx_word' id='word_1_414' title='bbox 849 4313 1017 4382; x_wconf 85' lang='lat' dir='ltr'><strong>damnamus</strong></span> <span class='ocrx_word' id='word_1_415' title='bbox 1035 4309 1160 4398; x_wconf 86' lang='lat' dir='ltr'><strong>impios,</strong></span> <span class='ocrx_word' id='word_1_416' title='bbox 1186 4325 1219 4378; x_wconf 84' lang='lat' dir='ltr'><strong>ut</strong></span> <span class='ocrx_word' id='word_1_417' title='bbox 1239 4336 1271 4378; x_wconf 87' lang='lat' dir='ltr'><strong>sc</strong></span> <span class='ocrx_word' id='word_1_418' title='bbox 1287 4319 1317 4376; x_wconf 90' lang='lat' dir='ltr'><strong>tu</strong></span> 
     </span>
     <span class='ocr_line' id='line_1_46' title="bbox 178 4387 1317 4480; baseline 0.012 -35"><span class='ocrx_word' id='word_1_419' title='bbox 178 4389 287 4446; x_wconf 80' lang='lat' dir='ltr'><strong>animm</strong></span> <span class='ocrx_word' id='word_1_420' title='bbox 307 4397 423 4451; x_wconf 79' lang='lat' dir='ltr'><strong>nosnos</strong></span> <span class='ocrx_word' id='word_1_421' title='bbox 443 4387 568 4452; x_wconf 78' lang='lat' dir='ltr'><strong>induuet&#39;</strong></span> <span class='ocrx_word' id='word_1_422' title='bbox 586 4395 734 4475; x_wconf 51' lang='lat' dir='ltr'><strong>canumet·</strong></span> <span class='ocrx_word' id='word_1_423' title='bbox 756 4411 790 4458; x_wconf 88' lang='lat' dir='ltr'><strong>ae</strong></span> <span class='ocrx_word' id='word_1_424' title='bbox 808 4396 865 4454; x_wconf 74' lang='lat' dir='ltr'><strong>siu</strong></span> <span class='ocrx_word' id='word_1_425' title='bbox 880 4397 1051 4457; x_wconf 85' lang='lat' dir='ltr'><strong>centesimus</strong></span> <span class='ocrx_word' id='word_1_426' title='bbox 1070 4401 1195 4479; x_wconf 77' lang='lat' dir='ltr'><strong>quisque</strong></span> <span class='ocrx_word' id='word_1_427' title='bbox 1212 4415 1317 4480; x_wconf 83' lang='lat' dir='ltr'><strong>pnsum</strong></span> 
     </span>
    </p>
   </div>
   <div class='ocr_carea' id='block_1_7' title="bbox 0 0 1378 4890">
    <p class='ocr_par' dir='ltr' id='par_1_7' title="bbox 0 0 1378 4890">
     <span class='ocr_line' id='line_1_47' title="bbox 0 0 1378 4890; baseline 0 0"><span class='ocrx_word' id='word_1_428' title='bbox 0 0 1378 4890; x_wconf 95' lang='lat' dir='ltr'><strong> </strong></span> 
     </span>
    </p>
   </div>
  </div>
 </body>
</html>
