2804 4890
483 251 833 326 assensum
888 262 895 274 “
1054 257 1059 283 ¹
1167 213 1229 338 213Ι

71 406 143 460 etue
163 405 209 460 est
227 395 374 472 nondun,
398 419 457 460 non
476 398 615 482 profanas
634 399 722 462 modo
740 403 836 482 poeta,
861 399 912 462 sed
931 397 1099 484 Epicureus,
1118 409 1150 464 et
1166 403 1218 464 frn-

70 497 169 560 purue
188 477 248 540 Dei
266 485 461 560 contemptor:
829 507 837 518 ·

332 606 455 669 Pareo
472 605 591 664 dromon
610 605 709 666 cultor
727 612 755 664 et
775 605 955 688 infrequens,

260 729 267 736 -
332 687 517 744 Insanientie
536 685 605 744 dune
623 692 787 764 sapientius
806 705 811 718 ¹

333 765 494 824 Ουπειιὶιιυ
511 786 589 836 erro,
607 787 687 824 nunc
705 777 868 824 retrorsum

338 845 412 902 Velu
431 844 512 910 dore,
530 853 618 926 utqaee
629 852 745 904 a'terure
764 857 871 904 corrues

336 925 437 1004 Cogor
454 925 582 996 relictos,
599 945 725 1006 numque
743 925 893 1004 Diespiter

330 1004 407 1086 Igni
425 1023 548 1062 corrues
567 1002 668 1062 nubila
683 1004 827 1080 usuum,

331 1083 509 1164 Plerumque
525 1104 580 1162 per
594 1104 706 1162 punem
724 1091 861 1143 tenentes
881 1115 888 1126 ι

330 1163 407 1243 Ege
426 1183 525 1244 equor,
543 1163 744 1244 columque
763 1181 898 1222 mesraim
959 1183 962 1190 ·

333 1245 399 1318 Quo
417 1241 505 1302 truso
524 1243 618 1318 tellus,
638 1249 666 1302 et
685 1264 760 1325 queue
778 1243 967 1324 &quantum
1024 1264 1026 1274 ’

70 1352 109 1414 Et
117 1351 300 1434 aperientis*
306 1355 368 1437 ipsa
376 1355 516 1494 lotpmtur,
530 1356 580 1436 qui
590 1354 775 1418 audacissime
784 1353 880 1416 Deum
890 1361 1084 1430 contemnunt,
1095 1355 1131 1416 ad
1143 1356 1214 1416 toni·
1263 1385 1267 1402 ι

70 1440 146 1508 trun,
179 1433 421 1510 muscetum
475 1435 482 1452 ⁶

434 1441 596 1517 eatmpetus
606 1436 729 1496 maxime
738 1453 935 1515 expavescere.
952 1433 1016 1495 Non
1027 1435 1215 1516 absreigitur
1253 1477 1258 1488 ·

71 1511 150 1595 Prop
231 1534 285 1576 uos
299 1513 335 1574 ad
349 1515 457 1596 species
471 1515 539 1575 istas
553 1522 668 1576 revocat
684 1531 758 1596 quae
768 1513 893 1575 barbaria
903 1521 932 1577 et
942 1513 1061 1595 stupidis
1075 1515 1215 1576 incutiunt
1336 1565 1344 1580 .

72 1593 199 1673 aliquem
210 1591 374 1656 Divinitatis
388 1611 513 1670 sensum,
526 1600 555 1655 et
564 1595 748 1674 quantumvis
762 1595 881 1674 ignavos
892 1613 926 1654 ac
935 1594 1068 1654 socordes
1078 1597 1213 1658 excitant.

72 1670 137 1732 Nou
158 1673 230 1734 dicit
248 1674 339 1734 solem
354 1673 481 1754 quotidie
495 1673 572 1748 oriri,
590 1676 686 1754 spargi
700 1674 761 1744 eius
775 1673 861 1733 radiis
874 1673 1016 1734 vivificam
1031 1673 1134 1748 lucem,
1154 1695 1213 1736 non

72 1753 143 1812 dicit
161 1753 292 1834 pluviam
311 1753 413 1814 leniter
430 1754 553 1828 stillare,
574 1773 648 1834 quae
667 1773 720 1812 suo
739 1771 825 1814 sumo
844 1759 949 1813 terram
968 1753 1132 1814 foecundet:
1162 1755 1213 1814 sed

71 1834 216 1908 tonitrua,
241 1833 382 1894 violentos
401 1833 520 1908 imbres,
545 1840 576 1893 et
595 1852 669 1912 quae
689 1831 813 1892 terrifico
832 1839 914 1892 motu
933 1839 1044 1893 mentes
1064 1831 1212 1894 hominum

73 1912 243 1992 percellunt,
262 1913 292 1972 in
313 1915 506 1982 testimouium
526 1911 649 1972 adducit
674 1910 816 1992 Loquitur
836 1919 912 1972 certe
931 1910 1010 1971 Deus
1030 1912 1059 1970 in
1079 1912 1213 1972 omnibus

73 1993 137 2050 suis
156 1993 303 2053 creaturis:
323 1993 373 2053 sed
388 2011 437 2052 eas
451 2011 537 2054 voces
556 2011 634 2052 nnnc
653 1999 858 2052 commemorat
873 1989 1026 2072 Propheta,
1047 2012 1121 2072 quae
1140 1993 1210 2052 dura

72 2071 268 2152 increpatione
294 2073 514 2137 somnolentiam
539 2077 665 2131 nostram
689 2071 736 2130 vel
761 2071 855 2151 potius
880 2077 1028 2130 veternum
1058 2072 1209 2152 corrigente
1266 2069 1271 2084 “
1329 2064 1335 2090 ¹

69 2147 209 2210 Diximus
229 2152 314 2228 enim,
333 2153 484 2234 praecipue
503 2151 539 2211 ad
560 2171 611 2212 eos
630 2157 759 2232 spectare
779 2151 856 2211 hunc
875 2169 1044 2228 sermonem,
1064 2153 1114 2232 qui
1150 2170 1209 2211 rae·

68 2230 162 2291 fracta
188 2231 292 2292 duritie
316 2251 430 2292 omnem
450 2229 507 2293 Dei
532 2231 678 2304 notitiem,
702 2236 841 2312 quantum
865 2232 895 2290 in
920 2251 951 2290 se
975 2235 1033 2303 est,
1057 2173 1209 2310 repedant.

68 2309 108 2370 Et
127 2311 208 2392 ipsae
227 2311 360 2393 loquendi
380 2311 488 2392 figurae
507 2311 575 2384 satis
593 2311 769 2390 exprimunt,
788 2307 893 2370 Davidi
914 2309 1000 2369 foisse
1019 2312 1209 2391 propositum,

68 2396 180 2474 mere
199 2389 328 2472 subigere
347 2393 568 2466 contumaciam,
593 2409 667 2470 quae
687 2385 793 2470 alioqui
813 2411 872 2449 non
892 2389 1011 2448 libenter
1030 2389 1112 2450 sedit
1153 2388 1209 2449 Ter

67 2471 148 2530 enim
167 2469 306 2548 inculcat,
330 2491 431 2532 vocem
451 2469 507 2530 Dei
531 2471 561 2530 iu
584 2470 695 2565 mapufs
713 2476 744 2529 et
762 2471 929 2551 impetuosis
948 2468 1084 2530 imbribus
1103 2469 1207 2528 audiris

68 2557 99 2610 et
118 2551 255 2632 proximo
275 2569 361 2614 versu
379 2550 465 2628 addit,
484 2550 598 2632 plenam
616 2549 729 2610 vututis
748 2555 778 2611 et
796 2547 938 2632 magnifici
957 2547 1115 2630 splendoris
1135 2567 1207 2609 esse.

160 2706 192 2776 5.
226 2707 301 2777 Vox
326 2705 477 2792 lehovae,
503 2707 703 2801 confringens
730 2707 857 2794 cedros,
884 2705 1050 2798 confringit
1074 2705 1206 2796 inquam

65 2811 187 2881 lehova
210 2813 321 2883 cedros
343 2812 463 2883 Libani.
507 2815 538 2882 6.
566 2813 609 2882 Et
631 2813 755 2884 exsilire
778 2813 849 2882 facit
871 2813 1027 2880 Libanum
1052 2813 1141 2901 qimai
1164 2811 1207 2878 vi·
1300 2902 1303 2911 Ι

66 2919 187 3005 tulum,
214 2930 246 2992 et
270 2919 376 2990 Sirion
403 2919 494 3012 qussi
519 2917 619 2988 felium
642 2919 850 3010 unicornium.
898 2919 928 2986 7.
964 2917 1037 2986 Vox
1058 2916 1205 2998 leboriae,

65 3025 219 3096 excidens
244 3025 388 3097 flammas
412 3025 503 3118 ignis.
547 3027 579 3094 8.
613 3025 687 3094 Vox
708 3025 844 3094 lehovse
871 3023 1111 3094 contremiscere
1133 3021 1205 3095 fucit

66 3131 244 3216 deserbsm,
264 3131 506 3240 contremiscere
526 3131 599 3200 facit
618 3132 736 3202 Iehova
758 3131 917 3202 desertum
939 3129 1050 3212 Codes,

114 3282 119 3289 ’
146 3279 176 3340 5.
201 3277 270 3336 Voce
288 3279 422 3352 letenna,
439 3278 541 3358 conset
637 3321 644 3338 .
664 3275 802 3338 Videmus
821 3283 853 3336 ut
863 3275 1008 3357 Propheta
1022 3274 1058 3336 ad
1072 3273 1203 3354 frangen-

66 3356 133 3416 dam
153 3355 302 3422 hominum
321 3355 461 3429 duritiem,
485 3299 717 3439 segmentis
736 3355 832 3418 Deum
853 3356 1058 3418 formidabilem
1078 3355 1201 3416 inducat

66 3437 110 3497 Ae
134 3435 249 3496 videtur
276 3435 391 3516 quidem
420 3435 535 3516 oblique
564 3437 691 3517 superbis
721 3443 752 3498 et
782 3455 854 3496 rnna
884 3435 1054 3498 confidentia
1085 3435 1202 3516 turgidis
1319 3497 1324 3509 ¹
1396 3431 1397 3462 ¹

67 3516 219 3576 amentiam
238 3514 419 3596 exprobrare,
444 3515 522 3596 quod
542 3515 643 3576 vocem
663 3515 718 3576 Dei
737 3523 884 3584 tonantem
904 3537 962 3576 non
982 3515 1107 3588 audiant,
1127 3533 1201 3594 quoe

66 3595 168 3655 scindit
191 3601 288 3655 aerem
312 3594 491 3668 fulminibus,
520 3598 645 3658 concutit
674 3589 803 3657 excelsos
834 3603 960 3669 montes,
990 3597 1201 3674 procerissimae

66 3693 196 3754 quasque
219 3673 335 3734 arbores
358 3676 511 3756 prosternit
535 3695 568 3736 ac
592 3675 694 3738 deiicit.
735 3674 830 3753 Quale
859 3676 935 3735 enim
960 3681 1123 3756 portentum
1147 3681 1199 3748 est,
1256 3739 1257 3744 ἵ

66 3755 114 3814 ubi
133 3754 234 3822 onmes
253 3753 353 3815 brutae
372 3756 471 3814 mundi
491 3761 584 3836 partes
604 3775 701 3816 coram
721 3754 786 3814 Deo
805 3761 946 3826 tremunt,
971 3753 1047 3814 solos
1069 3755 1198 3814 homiues

64 3853 150 3894 amau
175 3839 205 3894 et
224 3836 334 3894 ratione
354 3835 495 3914 praeditos
519 3853 578 3894 non
602 3835 730 3895 moveri?
759 3833 841 3894 Adde
867 3833 959 3912 quod,
984 3835 1007 3892 si
1031 3835 1144 3912 ingenio
1169 3839 1199 3890 et
1237 3887 1241 3896 ,

65 3913 192 3974 doctriua
211 3915 321 3990 valent,
346 3913 400 3974 sibi
424 3912 602 3975 obstruendis
622 3914 736 3974 auribus
755 3915 957 3972 incantationes
977 3919 1138 3982 accersunt,
1162 3931 1199 3969 ue

63 3993 99 4052 ad
118 4013 219 4053 eorum
239 4011 353 4054 sensum
373 4013 432 4052 vox
453 3991 570 4053 Domini
591 3993 772 4074 quantumuis
792 4011 909 4064 sonora,
929 3998 1069 4072 penetret,
1098 3989 1198 4067 Neque

63 4075 138 4134 enim
157 4071 195 4132 de
214 4076 309 4134 musis
329 4071 506 4134 inferioribus
526 4077 594 4133 satis
614 4081 712 4155 arguite
732 4072 784 4132 sibi
804 4071 935 4132 videntur
956 4071 1090 4132 disserere
1102 4068 1197 4127 Philo·

63 4153 153 4233 aophi,
173 4155 229 4213 nisi
247 4154 332 4232 longa
345 4155 484 4228 „distantis
506 4151 600 4213 Deum
620 4175 637 4212 a
657 4155 715 4212 suis
735 4152 867 4232 operibus
887 4157 1026 4230 separent.
1048 4147 1204 4206 Diabolico

51 4241 155 4292 'autem
176 4233 248 4292 haec
267 4235 382 4292 seientia
402 4241 455 4306 est,
475 4233 593 4313 quaein
609 4239 725 4292 staturae
741 4231 980 4310 contemplatione
996 4247 1048 4286 nos
1065 4229 1196 4300 retinens,

62 4295 152 4375 ἔθευ
171 4313 284 4374 armtit
309 4310 341 4373 Si
361 4314 426 4393 quis
445 4313 589 4375 boruimm
610 4331 780 4396 cognoscere
799 4317 945 4392 appetens,
966 4309 1114 4388 praetenta
1135 4311 1195 4367 tota
1232 4391 1236 4408 Ι
