2726 4888
57 1680 61 1698 ’
180 1707 265 1751 renas
284 1687 340 1748 Dei
365 1688 588 1764 benedictiones,

177 251 232 345 536
435 271 438 285 '
605 243 891 340 nscsdrrrrns·
940 286 948 294 ·

181 411 342 510 quibusque
352 417 483 553 paralum
493 413 529 474 sit
537 413 567 474 in
575 431 614 474 eo
632 413 813 496 praesidinm,
831 413 910 496 qnod
929 411 1096 496 inlieglbnr
1115 417 1203 478 nimis
1220 437 1314 480 earnm

179 501 232 568 est,
252 513 301 574 qur
321 512 353 574 sp
366 491 471 554 endere
490 513 543 554 suc
562 494 715 567 camerati,
736 493 821 576 longe
840 514 872 555 se
891 514 908 556 a
927 497 1036 556 miseris
1055 495 1234 558 subducunt:
1259 501 1315 560 acsi

180 591 248 634 cura
273 573 345 634 baec
363 591 415 632 sna
438 573 574 653 dignimte
598 580 672 634 esset
690 573 808 635 inferior
826 581 857 634 st
874 575 996 656 indigua.
1036 576 1128 656 Atqui
1146 579 1315 657 sanguinem

178 653 330 736 plebeium,
350 653 400 732 qut
419 653 483 712 vilis
502 671 565 714 csse
583 653 666 728 solet,
685 671 719 714 aa
737 673 791 735 pru
810 653 899 716 nihilo
917 655 977 716 lere
996 654 1071 728 dnn,
1089 657 1169 737 apud
1184 655 1263 717 hanc
1277 659 1314 717 di·

180 735 280 796 vinnm
309 730 418 813 Regem
447 751 561 792 summe
584 734 615 792 in
639 734 730 814 pretio
754 733 817 796 inre
835 731 932 794 David
955 733 1108 816 praedicat.
1149 728 1315 796 &usualia

178 815 265 893 eliam
287 819 317 872 et
337 813 551 892 magnanimitas
569 819 686 872 nomtnr
705 813 736 872 in
756 812 845 874 rerba
869 815 1045 874 redimerudtr
1069 816 1137 894 qnia
1159 835 1221 876 nan
1245 819 1311 876 satis

89 941 92 955 .
180 897 268 966 esset,
287 889 360 972 Regi
379 911 438 951 non
478 891 571 956 lacere
589 891 701 952 fraudes
721 899 750 952 et
768 895 896 974 rapinas,
915 895 969 952 nisi
985 912 1021 952 sc
1041 893 1187 954 vindicem
1205 893 1314 956 lertitn

180 979 346 1053 opponeret.
365 970 428 1031 Sub
445 912 558 1112 linis&
576 989 646 1032 reru
665 975 851 1036 essecestra
871 992 956 1034 omne
974 969 1109 1034 maleficii
1127 992 1220 1054 genus
1238 994 1313 1034 cem·

180 1053 328 1136 plectitur:
354 1051 428 1146 (puin
466 1070 533 1112 omn
556 1051 686 1146 necando
710 1053 906 1123 culisberi,
931 1059 983 1112 aut
1006 1053 1136 1146 vulpes·
1159 1051 1218 1114 Alii
1242 1057 1315 1114 enim

180 1137 279 1214 aperta
303 1131 333 1190 ri
357 1139 537 1270 pressantur:
560 1130 608 1190 alti
627 1138 724 1191 autem
742 1131 874 1192 insidiose
892 1138 922 1192 et
941 1132 1061 1192 occultis
1081 1131 1193 1204 artibus
1212 1131 1249 1192 ad
1266 1137 1315 1193 iui-

180 1213 318 1294 quitatem
338 1229 356 1270 n
377 1219 489 1292 repunt.
527 1207 620 1271 Porro
643 1212 748 1272 scimus
767 1211 865 1272 datum
885 1230 947 1272 esse
962 1209 1079 1272 Christe
1099 1231 1246 1272 summam
1264 1215 1315 1272 im·

178 1292 291 1374 perium
314 1291 345 1351 in
364 1291 446 1352 caelu
465 1297 495 1350 et
512 1289 543 1350 in
561 1296 652 1365 terra,
673 1287 834 1364 blatteus,
854 1293 903 1354 18.
923 1298 955 1351 ut
974 1309 1042 1350 snus
1061 1310 1122 1350 non
1142 1289 1231 1351 modo
1250 1313 1314 1373 prc-

179 1377 257 1452 tegat
281 1389 299 1430 ιι
318 1369 522 1450 temporalibus
541 1373 639 1444 noxis,
664 1370 714 1432 sed
733 1372 886 1452 praecipue
904 1367 941 1430 ab
961 1370 1039 1430 omni
1057 1369 1188 1430 Satanae
1206 1371 1312 1446 iniuria,
1350 1401 1351 1414 ι

181 1451 273 1512 donec
293 1452 369 1509 omni
389 1450 518 1510 molestia
538 1456 687 1531 exemptos
705 1451 736 1509 in
755 1457 898 1510 aeternam
917 1451 1041 1530 quietern
1060 1449 1188 1530 subigat.
1350 1493 1351 1530 p

174 1537 177 1546 '
259 1531 306 1592 15.
326 1531 367 1590 Et
385 1537 469 1593 m'ru..
494 1525 582 1606 Quod
600 1529 730 1590 nonnulli
749 1529 866 1590 verbum
885 1529 943 1590 huc
960 1529 998 1589 ad
1017 1547 1159 1624 pauperes
1179 1529 1312 1604 referant,
1350 1579 1351 1604 p

180 1609 293 1670 videtur
312 1615 453 1672 coactum.
490 1605 785 1749 1¹⁰¹¹ssill{l¹⁰fvl¹⁸s
809 1629 960 1690 quaenon
980 1609 1080 1670 ultima
1099 1613 1145 1668 est
1164 1609 1238 1670 iuter
1258 1617 1310 1668 ter·

179 1769 238 1829 vid.
280 1765 363 1846 Quae
386 1775 519 1849 pbsteas
558 1689 1093 1852 uuntprppndtppppoedprtgzpdpnpuffisp
1106 1687 1312 1842 :glimo-'2³12-
1350 1769 1351 1788 ¹

181 1847 308 1909 Dabitur
326 1849 353 1907 ei
373 1867 475 1932 aurum
488 1847 547 1908 Ara
567 1851 651 1920 icum,
670 1850 832 1928 passimque
850 1849 1045 1929 concipientnr
1064 1854 1134 1908 vota
1152 1867 1208 1928 pru
1226 1850 1312 1908 salute

181 1930 252 1989 eiua.
293 1926 398 1988 lterum
423 1928 526 2008 repetit
546 1927 622 2008 quad
644 1927 824 2009 deputentnr
845 1927 966 1988 dixerat:
992 1929 1059 2006 quia
1079 1929 1104 1986 si
1123 1925 1229 1988 Arabia
1248 1947 1310 2007 pen-
1350 1963 1351 1968 κ

144 2011 147 2032 ¹
181 2007 399 2081 testulutum,
459 2014 525 2066 ania
544 2025 633 2087 opum
651 2009 796 2087 congeries
815 2025 852 2066 cx
871 2013 915 2082 tot
933 2005 1097 2087 regionibus
1111 2007 1204 2085 magis
1217 2007 1311 2066 ricinia

182 2085 384 2148 contrahetur?
450 2087 486 2145 tsi
505 2093 601 2146 antem
618 2106 678 2146 non
697 2093 797 2166 regnat
816 2083 946 2146 Christus
965 2083 1001 2146 ad
1020 2104 1125 2144 aurum
1143 2103 1309 2144 coacervan-

180 2167 260 2240 dum,
279 2165 399 2247 figurata
418 2172 515 2224 tamen
534 2165 636 2226 docere
655 2166 748 2226 voluit
766 2163 870 2240 David,
889 2165 1092 2224 remotissimos
1112 2183 1246 2245 quosque
1264 2185 1311 2246 pr-

180 2245 265 2328 pulos
289 2247 352 2305 iere
375 2245 406 2304 in
429 2243 539 2317 alticio,
563 2251 597 2303 nl
615 2265 646 2306 se
665 2247 692 2304 ei
710 2251 786 2306 tutos
806 2263 913 2326 suaque
932 2246 1026 2304 omnia
1045 2243 1189 2304 addicant.
1217 2241 1309 2324 Neque

176 2327 258 2402 ,enim
279 2343 387 2384 novum
406 2330 459 2396 est,
479 2323 630 2404 spiritualis
650 2327 730 2406 regni
749 2323 867 2406 gloriam
886 2321 940 2384 snb
959 2332 1079 2384 externo
1097 2323 1253 2403 splendore
1269 2325 1307 2384 ds·

180 2404 289 2466 lineari.
330 2401 586 2484 Opnlentissimnm
611 2423 679 2486 erga
704 2403 766 2464 iore
786 2403 893 2464 Christi
911 2423 1031 2484 regnum
1050 2404 1195 2484 praedixit
1213 2401 1310 2478 David,

181 2484 233 2545 sed
257 2503 310 2564 pro
331 2482 470 2563 spirituali
490 2483 551 2542 eius
570 2489 679 2544 natura.
719 2481 803 2544 Unde
820 2489 938 2564 apparet
957 2502 1044 2564 qnam
1062 2483 1202 2542 scelerate
1219 2492 1249 2544 et
1265 2503 1309 2544 ne
1350 2473 1351 2526 l

181 2565 279 2702 qustilr’
299 2563 356 2622 boc
382 2561 446 2700 loclo
472 2561 556 2702 alrrtsli³
576 2563 633 2624 sint
653 2561 796 2702 impiatae,
821 2571 853 2624 ut
861 2562 914 2702 upid
939 2581 980 2702 ssti
994 2563 1178 2702 compderent
1197 2563 1310 2702 cadrdcps

180 2661 378 2704 murices.
432 2660 535 2701 amau
579 2661 776 2704 communius
822 2663 839 2701 o
919 2661 994 2701 vce
1035 2661 1308 2702 urnsccmmen·

180 2723 259 2792 bitur
273 2663 359 2782 saffra
378 2719 464 2802 Regis
484 2719 563 2796 Dec,
588 2723 727 2804 significat
745 2663 873 2784 subinde
892 2722 954 2782 iere
973 2663 1177 2792 colluendos.»
1194 2729 1227 2782 ut
1242 2723 1308 2782 nibil

181 2803 235 2864 sibi
259 2799 410 2884 optabilius
434 2820 495 2861 esse
516 2801 634 2876 ducant,
658 2823 746 2883 quam
769 2803 829 2862 eius
848 2803 968 2882 imperio
988 2819 1097 2882 parere.
1138 2799 1202 2861 Etsi
1220 2811 1310 2861 antem

179 2880 1310 3023 {ittieltltttttllclltttlittibitibi?illiti

180 3044 211 3104 in
232 3061 332 3102 omnes
351 2981 413 3120 ptis
433 3003 570 3121 cbmpelit
589 3041 781 3116 dirruentes,
800 3062 859 3102 nen
878 3039 965 3100 modu
985 3041 1052 3122 qnia
1071 3043 1192 3100 terrenis
1204 3041 1310 3122 qrdbus
1350 3017 1351 3072 ἔ

128 3179 131 3189 ,
181 3141 240 3202 que
257 3119 383 3202 Regibus
408 3119 535 3182 officinm
560 3119 617 3182 hoc
661 3121 776 3183 raestari
796 3120 873 3180 iubet
892 3119 1054 3201 Scriptura,
1073 3119 1125 3180 sed
1145 3122 1213 3218 quia
1231 3141 1311 3202 pecu·

88 3231 94 3258 t
179 3199 243 3262 llari
266 3201 360 3260 studio
386 3206 415 3258 et
440 3219 508 3260 cura
532 3201 610 3280 tangi
636 3141 738 3260 debent
766 3200 941 3281 propagandi
972 3198 1057 3259 huius
1081 3219 1178 3280 regar,
1204 3201 1231 3259 in
1256 3221 1309 3280 quc
1350 3203 1351 3274 l

180 3287 211 3358 et
229 3279 338 3340 relucet
348 3276 403 3337 Dei
424 3282 565 3351 maiestas,
584 3287 613 3339 et
631 3300 731 3340 eorum
747 3281 823 3340 salus
843 3299 876 3338 ac
894 3279 1012 3340 felicitas
1031 3279 1142 3339 inclusa
1161 3287 1220 3340 esl:
1238 3281 1309 3340 idea
1350 3285 1351 3360 l

181 3379 239 3438 qne
258 3358 416 3420 ridebimus
436 3357 511 3420 Psal.
532 3363 601 3423 118.
626 3360 759 3440 precandi
778 3359 899 3420 icrmam
919 3361 973 3420 toti
991 3357 1137 3420 Ecclesiae
1156 3359 1263 3434 dictari,
1281 3368 1309 3419 ut

179 3435 263 3500 Deus
285 3435 394 3520 Regem
419 3437 496 3498 hun'c
520 3437 679 3499 benedicat:
714 3460 772 3500 non
797 3439 875 3519 quod
899 3439 1022 3520 indigeat
1046 3439 1190 3520 suffragiis
1214 3443 1308 3500 nostris

181 3517 327 3580 Christus:
347 3517 397 3577 sed
411 3517 468 3579 hcc
480 3518 592 3599 pietatis
611 3521 803 3580 lestiaroninm
823 3521 924 3578 urerilo
944 3519 1031 3598 exigit
1050 3519 1136 3579 asnis
1151 3517 1308 3595 emtoribus,
1350 3515 1351 3584 l

180 3617 239 3680 qno
258 3599 345 3658 etiam
363 3615 395 3658 se
409 3603 560 3662 exerceant
578 3599 615 3660 ad
633 3599 835 3682 puatrrlandum
855 3599 934 3682 regni
953 3597 1010 3658 Dei
1028 3599 1196 3660 adventum.
1350 3599 1351 3692 l

157 3831 159 3838 ,
273 3761 326 3830 16.
347 3759 417 3830 Erit
438 3762 541 3854 palma
563 3763 654 3831 tritici
676 3764 709 3830 in
730 3773 812 3833 terra
832 3763 866 3832 in
889 3763 989 3854 capite
1009 3764 1185 3846 manlium,
1207 3788 1310 3834 canen
1350 3799 1351 3848 t

180 3868 276 3937 tietur
297 3869 378 3937 sient
404 3868 517 3938 Libani
538 3870 658 3938 fruetus
681 3871 763 3954 eius,
790 3879 823 3938 et
843 3869 1041 3962 egredientur
1058 3893 1105 3938 ex
1117 3871 1206 3940 urbe
1227 3871 1309 3962 qussi
1350 3869 1351 3960 l

179 3974 287 4067 planta
313 3986 422 4046 terrae.
469 3977 521 4044 17.
542 3975 611 4044 Erit
636 3999 755 4044 nomen
784 3977 852 4044 eius
878 3977 912 4042 in
934 3975 1093 4060 seculum,
1120 3973 1229 4045 corani
1249 3976 1308 4044 sole
1350 3991 1351 4010 l

179 4081 403 4173 propagabitur
423 4105 543 4152 nomen
564 4084 642 4166 eins,
667 4093 700 4151 et
721 4082 907 4150 benedicent
927 4103 963 4150 se
984 4081 1018 4150 in
1040 4105 1079 4150 eo
1103 4105 1218 4153 omnes
1238 4083 1308 4152 Gen
1350 4067 1351 4096 ἒ

177 4195 245 4269 tas,
277 4199 310 4256 et
342 4189 470 4256 beatum
502 4189 727 4280 praedicabunt
750 4188 851 4256 illum.
903 4190 955 4256 18.
981 4187 1175 4258 Benedictus
1200 4187 1307 4258 lebera

180 4289 271 4358 Deus
292 4291 382 4376 Deus
403 4291 514 4380 Israel,
533 4295 651 4364 iaciens
673 4293 821 4362 mirabilia
843 4295 942 4363 solus.
978 4293 1030 4362 tn
1052 4293 1095 4362 Et
1116 4295 1308 4364 benedictum

181 4417 300 4465 numen
326 4398 446 4490 gloriae
473 4401 541 4470 eius
567 4401 601 4470 in
628 4401 785 4502 menium,
811 4411 846 4471 el
865 4389 1022 4494 repleatur
1042 4400 1142 4494 gloria
1163 4401 1230 4473 eius
1251 4425 1308 4468 ona
