2726 4888
452 299 499 342 ιιι
526 301 687 349 ηιιιιι.
713 305 795 348 exst.
1101 306 1190 368 ,435

281 386 380 504 ἱ’Ἲξῗι
408 440 468 502 qno
493 425 595 488 melius
613 427 712 508 pigros
730 427 841 509 alequi
857 436 887 491 et
905 430 1002 492 tardos
1022 431 1188 496 exstimulet

353 507 405 579 Ψ.
446 502 526 582 Quid
551 507 589 566 sit
610 510 721 572 cunm
738 511 870 591 glorians
889 519 1017 581 norninia
1036 515 1110 590 Dei,
1135 513 1186 574 ob·

390 594 465 664 x‘ope
491 603 544 680 pro
570 587 671 680 merito
696 587 889 685 acdignttate
911 592 1048 652 extollere
1073 612 1186 654 sacrum

420 660 1185 862 *tpttttcthhttsst.berth

520 833 600 891 pnite
621 828 753 906 gloriam
773 829 872 890 laudis
890 837 959 889 eiua.
1000 828 1062 910 Ego
1088 837 1185 892 autem
1210 891 1213 902 ,

535 904 597 965 bem
612 907 769 1000 reptantia
790 909 951 1002 accusativo
971 927 1048 970 casu.
1072 906 1184 1006 luteres

593 981 1185 1146 ‘lP'mtgttlhtlth‘tttthli

662 1146 686 1202 vi
707 1146 859 1225 praeconio
879 1153 1029 1208 contentus
1048 1154 1093 1210 est
1111 1146 1182 1209 Pro·

718 1224 904 1313 amplitudine
928 1225 1074 1309 splendida
1096 1247 1182 1310 prae·

643 1389 767 1470 oggerit
783 1405 838 1456 ,cur
857 1387 926 1448 velit
944 1361 1041 1451 Deum
1060 1387 1181 1454 laudari.

562 1483 626 1544 d«ne
650 1467 726 1547 apud
751 1468 822 1534 alios
842 1467 877 1528 de
896 1467 1026 1530 laudibus
1046 1467 1103 1528 Dei
1123 1468 1180 1528 dis-

514 1545 640 1606 ndelinm
667 1555 765 1628 tangat
783 1545 942 1629 Propheta,
967 1555 996 1608 et
1015 1548 1187 1628 expergelae

424 1643 462 1685 ..a
481 1623 559 1686 iubet
579 1626 675 1708 diripi:
696 1629 761 1708 quia
781 1626 830 1692 ubi
850 1628 915 1708 quis
934 1647 1001 1691 eum
1020 1629 1081 1688 sine
1100 1629 1179 1691 testi·
1286 1653 1289 1668 ·

329 1701 461 1784 ¹pellat,
480 1703 666 1799 lictioni1non
685 1725 748 1770 esse
768 1707 864 1768 locum
879 1707 987 1782 videns,
1006 1709 1080 1766 serio
1100 1707 1179 1788 quod

280 1781 408 1864 .probe
430 1781 611 1858 meditatum,
634 1783 666 1847 in
690 1787 815 1848 medium
840 1786 956 1866 profert.
996 1785 1075 1846 Nihil
1101 1789 1177 1848 euim

215 1863 277 1924 «tei
296 1863 487 1924 reverentiam
506 1883 560 1924 nos
579 1865 665 1944 cogit,
689 1871 776 1946 quam
796 1865 845 1926 ubi
864 1886 917 1928 nos
936 1867 1060 1928 sistimus
1081 1885 1179 1928 coram
1276 1903 1285 1932 ι

78 1931 205 2025 μαι
219 1944 317 2026 Atque
331 1949 364 2003 ut
377 1941 455 2006 buno
473 1943 607 2006 affectum
626 1946 716 2026 magis
734 1945 878 2020 accendat,
897 1943 994 2008 hostes
1014 1947 1081 2006 dicit
1098 1969 1179 2008 mers·

25 2057 57 2108 Α
69 2045 186 2106 030
203 2025 236 2086 ob
254 2024 469 2086 multitudinem
487 2031 606 2088 uirtutis
624 2031 712 2084 eiua.-
735 2023 809 2085 Nam
833 2026 858 2085 si
883 2025 946 2086 duri
969 2032 998 2088 et
1019 2025 1178 2107 praefracti,

29 2127 56 2210 pp
69 2147 97 2186 ω
146 2103 281 2180 libepter
299 2104 361 2162 cius
379 2103 500 2184 imperio
524 2101 726 2178 subducerent,
751 2105 840 2166 velint
863 2106 954 2166 nolint
978 2111 1120 2185 coguntur
1144 2125 1176 2166 se

35 2227 107 2270 m
153 2203 196 2248 eo
213 2179 375 2246 humilians:
440 2181 470 2242 id
493 2180 623 2244 fidelibus
647 2183 788 2264 agendum
808 2191 867 2260 ast,
891 2203 965 2266 quos
985 2205 1044 2246 non
1063 2185 1176 2246 terrori·

42 2311 67 2352 us
81 2267 174 2350 fibi
191 2260 317 2358 subiicit,
335 2263 384 2324 sed
424 2261 508 2358 lando
526 2263 562 2324 ad
581 2262 752 2326 reinvitat?
780 2261 886 2332 Subest
905 2266 980 2326 enim
1000 2265 1071 2324 haec
1090 2266 1176 2326 tacita

43 2341 791 2514 zpffittrthtl?ttttstltttttt.
802 2343 1178 2504 {thihtlfltqltl

52 2501 411 2592 1chpativiirabnntur.
450 2499 515 2562 Hoc
534 2502 610 2564 euim
630 2501 769 2582 significat
787 2512 918 2578 martiri,
938 2503 999 2564 fieri
1018 2505 1176 2584 supplicem

55 2633 102 2672 Μ,
128 2583 213 2658 ,lucri
236 2581 389 2664 obsequio,
417 2599 511 2662 neque
534 2581 639 2656 libere,
668 2582 718 2640 sed
742 2583 809 2660 quia
831 2584 984 2644 necessitas
1008 2590 1175 2664 extorquet:

56 2681 131 2752 penu
153 2661 262 2730 Psalmo
281 2667 330 2736 18.
349 2663 399 2725 45.
418 2659 552 2722 diximus.
575 2658 649 2722 Nam
670 2659 748 2740 quod
767 2661 814 2722 alii
833 2671 991 2743 exponunt,
1011 2663 1177 2742 Agnoscent

58 2763 164 2832 ,fldem
180 2745 273 2806 hostes
292 2764 343 2825 spe
362 2741 457 2802 sabaei
477 2741 611 2822 deceptos
630 2757 661 2802 se
680 2741 782 2800 luisse:
806 2741 952 2816 olivero,
973 2741 1124 2823 Negabunt
1143 2762 1175 2804 sc

58 2845 199 2916 „pequam
217 2822 318 2884 hostile
337 2819 425 2884 luisse
443 2823 473 2880 in
493 2827 522 2880 te
546 2819 674 2881 molitos:
704 2821 787 2880 nimis
811 2827 952 2882 remotum
978 2829 1021 2884 est
1044 2841 1061 2882 a
1081 2821 1180 2892 verbis,

59 2947 75 2986 Β
96 2913 193 2980 mente
209 2901 378 2984 Prophetae.
411 2895 587 2980 Quanquam
606 2907 702 2960 autem
721 2899 818 2960 multis
837 2901 929 2960 modis
949 2900 1014 2964 Deo
1034 2903 1173 2962 mentiun-

60 3023 90 3064 Π
115 2983 295 3069 hypocritae,
318 2981 389 3042 nihil
413 2987 509 3042 tamen
535 2979 674 3040 hocloco
695 2979 773 3040 aliud
792 2979 883 3040 voluit
903 2979 1060 3061 Propheta,
1072 2999 1174 3062 ‚quarn

59 3079 95 3141 set
115 3067 204 3132 robur
221 3062 350 3124 hostibus
370 3079 486 3141 quoque
506 3077 569 3120 essa
588 3057 776 3134 formidabile,
796 3065 830 3119 nt
849 3060 952 3120 insitos
973 3059 1093 3141 subigat.

119 3151 149 3213 4.
166 3147 267 3206 Omnia
285 3141 558 3204 rememoratura.
579 3135 853 3217 Quodtammultus
872 3145 915 3202 est
925 3138 1068 3220 Propheta
1078 3142 1107 3201 in
1118 3139 1174 3202 hoc
1283 3213 1289 3228 ι

54 3236 133 3320 ‚pite
146 3222 317 3301 tractando,
342 3241 402 3284 non
426 3225 469 3281 est
493 3225 605 3303 praeter
629 3220 783 3294 rationem,
806 3238 874 3280 nam
894 3240 983 3300 quum
1003 3220 1071 3280 huic
1089 3241 1172 3302 argu·

53 3319 136 3378 rento
158 3305 283 3383 impares
307 3301 364 3364 sint
384 3319 483 3362 omnes
502 3300 630 3378 linguae,
653 3299 782 3360 videmus
801 3319 888 3380 quam
929 3299 986 3360 arci
1005 3307 1036 3360 et
1055 3301 1174 3380 maligni
1239 3307 1242 3316 '

46 3401 85 3458 nt
102 3385 250 3460 homines,
269 3389 303 3442 nt
320 3383 372 3442 vix
390 3381 469 3446 tenui
488 3386 517 3440 et
536 3379 632 3438 ieiuna
643 3379 726 3439 laude
735 3378 904 3460 adspergant
943 3399 1018 3454 cunr,
1038 3381 1075 3440 ad
1106 3400 1175 3450 uem

43 3463 237 3538 stebrandum
261 3461 416 3524 debuerant
440 3477 544 3520 nervos
569 3478 668 3520 omnes
692 3477 725 3518 ac
750 3459 1047 3534 conatus-intendere.
1123 3481 1170 3522 ur·

40 3573 74 3614 rs
96 3551 201 3608 autem
222 3542 391 3602 vaticinatur
399 3537 554 3620 Propheta,
574 3539 705 3618 quamvis
724 3545 792 3598 tunc
812 3539 865 3598 soli
883 3535 978 3598 ludaei
999 3541 1028 3600 in
1048 3559 1101 3602 suo
1121 3560 1171 3602 un·
1228 3597 1232 3618 ,

37 3632 93 3693 ulo
116 3623 222 3686 Deum
240 3621 376 3694 colerent,
396 3635 496 3680 omnes
514 3625 611 3678 tamen
630 3625 728 3698 gentes
747 3617 800 3678 sub
820 3619 881 3678 eius
899 3619 1049 3698 imperinm
1069 3627 1170 3680 ventu·

34 3731 72 3774 ss.
120 3703 230 3784 Neque
249 3721 320 3762 vero
339 3718 429 3773 nnnc,
452 3699 536 3758 sicuti
559 3717 650 3778 nuper
669 3696 766 3778 ibgum
787 3696 930 3758 subituros
950 3698 1032 3773 dicit,
1052 3702 1101 3780 qui
1120 3719 1168 3762 cn·
1217 3731 1220 3738 ·

33 3793 133 3860 arent,
158 3785 185 3844 si
207 3783 327 3844 liberam
346 3785 429 3852 esset,
448 3779 590 3838 resistere:
610 3778 660 3839 sed
679 3797 780 3838 verum
800 3796 833 3836 ac
849 3779 989 3838 sincerum
1000 3779 1108 3840 cultum
1118 3799 1168 3838 ex·

30 3869 135 3932 simite
159 3863 292 3924 Psallent
310 3857 371 3932 tibi,
389 3857 511 3939 psallent
529 3857 636 3916 nomini
656 3863 715 3918 tuo.
741 3855 794 3915 Est
812 3858 888 3918 euim
908 3856 964 3918 hoc
983 3859 1168 3939 praecipuum

27 3949 110 4009 ,udis
139 3940 333 4012 sacrificinm,
357 3945 390 4000 ut
413 3936 534 4002 babetur
551 3933 667 4006 Psalmo
686 3939 740 4014 50,
761 3936 809 4002 14.
829 3939 877 4002 23.
901 3955 936 3999 ac
961 3957 1061 4002 seruus
1081 3939 1167 4001 mam

25 4023 228 4090 stimonium
246 4019 368 4102 pietatis.

100 4199 141 4266 5.
167 4193 288 4264 Venite
315 4203 348 4262 et
369 4191 474 4262 videte
502 4215 598 4298 opera
620 4191 697 4262 Dei:
723 4189 869 4261 terribilis
897 4213 993 4283 opere
1016 4211 1111 4281 super
1132 4177 1187 4257 fis

24 4329 64 4376 os
108 4301 303 4370 hominurn.
353 4298 387 4372 6.
416 4298 580 4367 Convertit
606 4323 693 4367 marc
720 4297 754 4364 in
781 4297 913 4369 aridams
947 4321 1005 4389 per
1031 4296 1165 4365 fluvium

25 4409 219 4480 ansierunt
240 4405 335 4499 pedes
363 4405 406 4474 ibi
432 4403 536 4474 laetati
562 4427 674 4474 sumus
700 4403 732 4470 in
760 4427 809 4474 eo.
861 4403 891 4471 7.
914 4401 1105 4472 Dominatur
1131 4402 1163 4473 in
