2836 4886
476 281 822 328 incassumve
1167 279 1222 342 439

69 403 226 494 camilegis
245 411 330 485 votis,
349 409 421 471 dum
440 389 536 549 primo
555 406 674 468 futiliter
692 405 849 468 obtrudunt
862 403 927 471 Deo
946 403 1084 488 quicquid
1104 407 1133 467 in
1152 405 1221 466 buc-

71 511 146 566 cam
172 492 264 552 venit:
289 490 390 551 deinde
413 491 442 550 ni
465 488 484 548 il
511 487 563 548 sihi
588 489 683 547 miuus
702 493 868 570 proponunt
887 505 974 568 quam
994 493 1105 546 rectum
1125 485 1222 564 linem,

72 581 108 634 et
132 571 273 632 diabolica
293 569 426 650 soperbia
446 565 486 628 de'
500 568 586 628 rebus
606 567 659 628 sibi
679 585 737 626 non
757 568 898 626 concessis
918 568 1124 648 pasciscuntur.

163 653 211 714 15.
231 651 418 710 Holocouoto
433 656 607 732 pinguium.
629 643 685 708 vel
703 645 855 722 Davidem,
875 647 923 706 rel
942 648 1067 728 aliquem
1087 667 1125 706 ex
1143 665 1222 706 sum-

7 765 8 770 *
72 733 137 793 mis
163 731 329 813 proceribus
354 729 402 788 hic
425 729 505 809 loqui
531 733 657 808 oportet:
683 728 750 806 quia
776 733 809 787 ut
826 728 920 786 teuuis
939 726 1072 786 fortunae
1092 727 1223 787 homines

7 829 8 844 ¹
73 820 143 871 tam
164 812 260 892 opima
284 817 313 869 et
337 809 484 890 splcudlda
510 807 645 866 sacrificia
666 807 785 866 offerent
803 806 923 866 facultas
942 806 1223 867 nominabat-Pro·
1277 867 1280 878 ,

75 891 179 950 babile
197 891 284 970 igitur
304 895 347 948 cst
367 887 508 948 Davidem
523 886 629 946 Psalmi
648 905 710 945 csse
730 893 887 962 auctorem,
907 888 957 966 qui
977 893 1123 967 sumptum
1143 905 1223 966 rega·

76 972 142 1032 lem
162 971 355 1031 facturumue
375 966 521 1027 denuntiat
539 969 569 1026 ih
588 965 740 1026 sacrificiis.
761 964 874 1025 Scimus
894 973 989 1024 autem
1010 985 1062 1026 cur
1081 967 1133 1026 sihi
1153 966 1224 1028 lunc

78 1049 169 1110 Deus
192 1051 322 1108 victimas
343 1048 438 1108 offerri
457 1049 573 1107 iusserit
592 1052 646 1128 pto
666 1047 821 1128 gratiarum
843 1047 969 1118 actione,
994 1065 1097 1126 nempe
1118 1053 1151 1106 ut
1171 1049 1224 1105 sci·

79 1137 131 1191 ret
156 1129 281 1210 populus
307 1147 358 1188 sua
377 1125 554 1190 immunditie
574 1126 663 1208 pollui
683 1133 711 1185 et
731 1127 824 1186 vitiari
844 1123 899 1186 Dei
919 1125 1033 1199 laudes,
1059 1127 1112 1186 nis'i
1133 1126 1223 1185 aliun·

82 1211 123 1270 dc
144 1208 366 1270 sanctificentur.
405 1205 480 1268 Nam
505 1213 651 1286 utcunque
675 1206 757 1266 uobis
776 1208 813 1264 sit
832 1206 1011 1286 propositum
1031 1205 1148 1280 laudare
1169 1204 1226 1266 Dei

82 1309 209 1366 nomen,
238 1289 356 1368 impuris
380 1293 478 1348 tamen
500 1285 582 1346 labiis
607 1289 701 1368 ipsum
727 1283 923 1367 profanamus,
949 1287 1002 1344 nisi
1027 1293 1169 1366 quatenus
1194 1303 1226 1346 se

7 1401 8 1410 ι
84 1367 222 1430 Christus
246 1367 333 1428 semel
357 1367 480 1428 hostiam
505 1366 610 1426 obtulit
633 1373 666 1424 ut
691 1385 744 1426 uos
770 1372 798 1424 et
822 1371 919 1425 nostra
945 1367 1040 1424 omnia
1061 1365 1226 1426 sanctificet.

84 1449 214 1528 ldeoque
234 1447 318 1508 docet
335 1447 494 1529 Apostolus
514 1443 645 1521 flebas,
665 1447 694 1508 7.
715 1445 795 1527 peri
818 1463 882 1504 sum
902 1444 1016 1526 placere
1035 1444 1133 1506 laudes
1154 1463 1226 1527 quas

84 1527 155 1588 Deo
184 1525 342 1588 referimus.
381 1525 521 1609 Suffitum
542 1525 588 1584 sni
611 1525 770 1585 holocausti
794 1465 843 1584 hic
867 1525 1047 1586 commendat
1070 1523 1226 1606 Propheta,

85 1625 181 1688 quum
199 1607 266 1667 inde
284 1607 398 1668 nonnisi
416 1609 510 1686 gravis
530 1623 564 1664 ac
583 1606 702 1686 putidus
720 1605 794 1664 odor
802 1605 833 1665 iu
843 1605 955 1664 coelum
965 1605 1156 1666 adscenderit:
1176 1605 1227 1664 sed

86 1695 232 1768 quatenns
251 1687 359 1768 figurae
377 1691 460 1746 erant
475 1685 590 1760 Christi,
610 1686 710 1745 arieles
730 1684 800 1750 alise
821 1702 858 1745 ue
876 1685 1017 1760 victimae,
1036 1687 1161 1746 suaviter
1180 1703 1225 1744 co·
1294 1733 1309 1760 ,

87 1787 154 1830 ram
173 1765 239 1826 Deo
264 1765 440 1825 redolebant.
478 1763 563 1825 Nunc
587 1764 700 1824 abolitis
724 1705 861 1844 legalihus
886 1762 1002 1843 figuris,
1026 1771 1123 1825 manet
1145 1743 1259 1823 nobie¹

88 1845 376 1987 tttltlssltttt
395 1843 1229 2002 tlttltlllttttiltltttlltl‘{llllltt

91 2007 151 2066 huc
175 2005 275 2064 relcrri
299 1945 427 2085 oportuit
451 2009 582 2064 externas
607 2005 795 2064 ceremonias:
821 2004 888 2084 quia
902 1987 1014 2083 “alioqui
1034 2004 1141 2062 inutilis
1161 2003 1229 2063 iuis-

94 2094 139 2146 sct
159 2090 257 2144 earnm
281 2103 395 2166 pompa.
436 2081 623 2146 Praeconium
642 2103 710 2163 ergo
750 2084 838 2144 ratiae
856 2081 1230 2157 notrorum-condimen·

92 2173 157 2226 tum
177 2165 231 2223 luit
250 2183 288 2224 ne
306 2163 427 2244 insipida
446 2169 540 2223 meent
560 2163 708 2224 sacrificia.
729 2105 933 2242 duodautem
953 2163 1075 2224 advocat
1092 2164 1156 2242 pios
1170 2179 1230 2222 om-

92 2265 154 2320 nes,
175 2263 227 2303 suo
247 2245 381 2324 exemplo
400 2244 486 2304 docet
503 2263 562 2302 non
581 2245 650 2304 satis
669 2249 765 2324 gratos
784 2261 847 2303 esse
866 2241 931 2302 Deo
950 2243 1004 2302 nisi
1024 2244 1073 2324 qui
1093 2243 1233 2304 desiderio

93 2327 216 2403 flagrant
240 2323 425 2405 publicandae
449 2342 535 2404 quam
560 2325 670 2404 experti
695 2330 761 2383 sunt
781 2324 902 2404 gratiae,
925 2343 984 2382 uon
1004 2323 1091 2382 modo
1111 2327 1144 2382 nt
1163 2325 1234 2382 idci-

94 2411 193 2464 teutnr
216 2423 315 2463 omncs
341 2403 377 2462 ad
400 2419 469 2464 eum
494 2422 552 2462 uuo
572 2423 712 2463 consensu
732 2403 915 2476 laudandum,
935 2403 986 2462 sed
1005 2409 1037 2462 ut
1057 2403 1234 2463 documentis
1257 2436 1259 2443 ·

27 2503 31 2510 ’
96 2485 204 2564 gratiae
222 2485 284 2543 eius
304 2485 467 2542 animentur
485 2483 522 2541 ad
541 2482 627 2542 fidem
647 2491 676 2542 et
696 2503 786 2564 spem.
815 2481 905 2561 Quod
924 2490 1019 2542 antem
1040 2484 1232 2542 narrationem
1329 2519 1332 2532 ·

97 2581 179 2622 suam
201 2561 326 2621 destinat
349 2562 416 2621 solis
440 2561 497 2620 Dei
521 2561 692 2636 cultoribus,
717 2564 790 2621 ratio
809 2569 866 2634 est,
892 2564 960 2642 qaia
980 2563 1032 2622 soli
1052 2561 1148 2624 idonei
1167 2569 1234 2623 sunt

97 2641 254 2742 auditores:
274 2641 402 2722 prolauis
421 2649 517 2704 autem
537 2648 567 2702 et
586 2641 744 2723 hypocritis
763 2649 900 2724 uuquam
920 2641 1013 2703 surdis
1032 2643 1152 2702 canitur.

146 2925 149 2940 .
189 2869 242 2936 17.
264 2866 316 2936 Ad
340 2869 447 2960 ipsum
476 2891 531 2936 ore
546 2891 632 2972 gneo
664 2869 813 2956 clamavi,
846 2878 879 2938 et
905 2867 1044 2937 exaltavi
1074 2891 1149 2938 eum
1177 2869 1237 2937 suh
1289 2877 1298 2886 '

100 2977 205 3068 lingua
233 2999 304 3042 mea
350 2977 404 3042 18.
427 2975 627 3066 lniquitalem
655 2975 838 3067 si'respexi
866 2975 899 3042 iu
930 2976 1025 3044 corde
1052 3000 1142 3060 meo,
1168 3000 1237 3044 non

102 3083 207 3150 audiet
232 3081 404 3175 Dominus.
456 3083 508 3152 19.
536 3082 656 3174 Utique
682 3082 803 3150 audivit
827 3081 934 3169 Deus,
962 3083 1095 3150 attendit
1121 3084 1161 3150 ad
1183 3107 1238 3150 vo-

103 3211 172 3258 cem
193 3187 382 3286 precationis
402 3211 502 3257 meae.
547 3189 600 3256 90.
623 3189 814 3257 Benedictus
835 3187 926 3257 Deus
949 3190 1098 3280 quinon
1119 3188 1240 3258 amovit

102 3295 315 3389 precationem
335 3317 451 3380 meacm
473 3306 506 3364 et
525 3295 771 3399 misericordiam
793 3317 885 3376 auam
907 3319 925 3362 a
946 3318 1009 3364 me.
1272 3293 1281 3308 ”

184 3443 232 3504 17.
252 3443 305 3500 Ad
322 3449 426 3521 ipsum.
448 3439 610 3501 Confirmat
628 3459 659 3501 se
668 3439 724 3502 Dei
735 3439 842 3500 auxilio
862 3439 974 3500 salvum
993 3459 1064 3516 esse,
1084 3441 1151 3524 quia
1171 3459 1239 3502 eum

125 3525 250 3594 meatus,
274 3521 337 3601 ipsc
357 3521 461 3580 effectu
481 3523 600 3580 senserit
617 3521 705 3580 fuisse
724 3519 777 3580 sibi
796 3521 961 3602 propitium.
1001 3519 1144 3584 Votorum
1164 3525 1241 3582 enim

105 3541 213 3662 iructus
238 3601 357 3682 gratiam
377 3599 434 3659 Dei
457 3619 517 3660 non
541 3619 643 3680 parom
662 3601 799 3675 illustrat,
826 3608 859 3660 ut
877 3601 960 3660 nobis
980 3601 1017 3662 sit
1035 3603 1147 3661 certior.
1186 3601 1240 3662 lte·

106 3701 168 3741 rum
188 3699 240 3761 per
259 3702 293 3740 os
311 3690 339 3739 et
359 3681 505 3762 lingum,
525 3681 607 3739 sicuti
628 3682 714 3761 paulo
734 3686 809 3754 ante,
829 3680 962 3760 precandi
983 3677 1191 3741 vehementiam
1211 3687 1241 3742 et

108 3760 236 3821 ardorem
259 3761 402 3840 exprimit.
443 3757 503 3818 Nisi
523 3767 631 3820 orasset
650 3780 686 3820 ex
706 3761 808 3826 intimo
828 3759 921 3820 cordia
942 3760 1056 3834 affectu,
1075 3761 1241 3842 repudiatus

109 3837 221 3918 quidem
240 3848 327 3899 meet:
348 3839 399 3900 aed
418 3839 544 3920 linguam
564 3840 632 3900 lacit
650 3841 743 3900 cordis
763 3840 906 3914 comitem,
926 3847 959 3900 ut
978 3841 1177 3900 sciamusnou
1191 3840 1242 3900 trt-

7 3925 9 3934 ‘
110 3919 171 3996 gide
190 3939 256 3978 eum
276 3939 381 3980 orasse.
421 3917 510 3997 Quod
530 3919 660 3980 nonnulli
679 3922 731 3980 ouh
750 3925 866 4003 linguon,
886 3920 1054 3980 tantundem
1073 3919 1169 3980 valere
1188 3939 1241 4000 pu·

109 4003 169 4056 taut
194 4005 280 4082 atque
303 4008 338 4066 iu
361 4001 457 4071 corde,
483 3999 640 4059 absurdum
662 4007 714 4060 est.
755 4001 858 4060 Sermo
887 4001 964 4060 euim
994 3999 1044 4137 spui
1067 4017 1104 4058 ex
1128 3999 1242 4078 liuguae

112 4077 217 4170 reflexu
236 4079 377 4156 procedit,
393 4079 465 4178 “sub
490 4077 585 4159 lingua
615 4081 693 4140 nasci
722 4081 837 4140 dicitur:
867 4081 941 4140 sicut
970 4078 1006 4137 oli
1027 4079 1052 4156 i,
1092 4063 1243 4138 Venenum

110 4156 432 4314 deihhuzgdiiidainhldh
449 4159 1067 4322 isi'itdliidnodidldfiehie1dhliushhiiuhdirm,
1077 4161 1244 4318 liuddhmdhi

113 4313 145 4406 ah
164 4315 227 4404 ipso
245 4317 389 4408 expetitur
407 4317 491 4379 salus.
511 4317 594 4381 Unde
612 4341 648 4402 ap
669 4327 729 4382 aret
748 4317 899 4402 inPapatn
919 4317 1035 4399 spoliari
1054 4319 1148 4399 ipsum
1163 4335 1244 4398 prae·

113 4405 192 4482 capua
216 4393 323 4478 gloriae
347 4393 416 4492 suae
434 4405 530 4480 parte,
550 4399 600 4464 uhi
619 4343 668 4463 vei
685 4399 723 4463 ad
740 4405 873 4462 mortuos
890 4398 939 4462 rel
958 4397 995 4460 ad
1014 4404 1122 4461 saluas
1143 4397 1241 4460 duur·
