2854 4886
111 1777 118 1791 ’
198 1803 297 1846 omues
317 1781 435 1844 reddere

112 331 118 341 .
190 307 228 364 50
602 305 902 349 vtcnnvruvs

182 431 230 500 ,lis
250 429 386 494 subiectio
406 429 443 489 od
483 434 638 488 raesrntern
657 433 785 488 terrenae
800 429 875 488 vitae
891 447 975 488 usum
986 417 1176 566 restriufttur.
1194 423 1326 510 Respon-

193 511 257 586 deo,
277 509 448 590 Prophetam
461 449 516 566 bic
534 527 593 568 non
613 509 708 567 omnia
728 507 894 588 complecti,
916 508 951 566 de
971 506 1074 586 quibem
1105 513 1231 588 oquutos
1251 513 1327 568 erat:

194 591 244 651 sed
269 587 431 670 exemplum
459 587 488 647 in
509 593 588 670 parte
608 588 665 648 una
686 587 823 647 duntaxat
842 586 889 647 vel
909 587 1003 667 specie
1022 583 1164 666 proferre,
1184 588 1243 646 imo
1263 605 1330 648 eam

193 670 318 751 manime
363 674 452 727 artem
471 667 569 748 elegit,
591 686 666 754 quae
686 665 802 726 rudibus
823 686 938 746 quoque
959 671 988 725 et
1008 667 1108 726 crassis
1127 668 1195 727 satis
1215 667 1332 748 conspi-

97 797 103 808 .
194 767 248 822 cua
268 753 319 808 est.
378 765 442 807 emo
462 748 538 806 euirn
557 753 616 806 tarn
638 745 735 806 hebeti
760 745 807 805 vel
826 746 908 805 tardo
929 745 1019 805 estin
1039 745 1118 822 onio,
1143 747 1193 826 qui
1213 743 1276 806 sia
1299 767 1328 806 e-

102 909 104 914 .
194 826 386 899 riafb‘c'ulos,
410 847 469 886 non
488 825 581 886 videat
600 825 720 886 mirabili
735 823 796 886 'Dei
814 825 992 906 providentia
1012 765 1074 885 fieri
1093 829 1125 886 ut
1143 825 1210 905 equi
1230 831 1258 885 et
1277 761 1329 885 bo-

193 925 247 968 ves
270 891 434 966 bominibus
458 925 510 966 sua
535 901 671 986 obsequia
691 905 859 986 praebeant:
879 911 913 964 ut
931 905 968 966 ad
988 903 1104 965 eosdem
1116 905 1279 966 vestiendos
1289 905 1330 964 la-

194 985 446 1068 namtproducant
469 1005 551 1058 oves,
576 993 608 1045 ut
632 985 732 1044 iisdem
757 985 922 1046 alimentum
947 1004 984 1044 cx
1003 985 1118 1122 propria
1137 1003 1222 1044 carne
1242 1004 1330 1045 omne

194 1086 285 1150 genus
304 1065 435 1126 animalia
454 1064 642 1146 suppeditent.
667 1061 735 1142 Quo
755 1067 845 1146 magis
865 1063 974 1124 visibile
988 1071 1041 1124 est·
1068 1065 1164 1124 ominii
1176 1063 1262 1124 buius
1277 1065 1329 1124 do·

196 1152 369 1220 comentum,
389 1146 500 1224 quotics
519 1144 566 1203 vel
585 1144 648 1204 cibo
663 1147 813 1220 vescimur,
832 1143 881 1218 vel
895 1145 1016 1203 fruimur
1028 1144 1144 1224 reliquis
1158 1144 1332 1218 commodis,
1423 1147 1424 1150 ’

195 1225 320 1288 Divinae
379 1225 451 1284 ntiae
475 1243 560 1284 sensu
584 1243 637 1284 uos
662 1224 853 1306 magisdecet
871 1223 956 1288 allici.
986 1221 1051 1283 Nou
1075 1241 1143 1304 ergo
1162 1223 1332 1304 simpliciter

195 1306 328 1386 intelligit
345 1245 461 1381 bauo,
489 1301 620 1364 omnibus
644 1301 702 1362 Dei
729 1303 864 1384 operibus
887 1303 1062 1385 praefectum
1088 1321 1150 1363 esse
1173 1301 1332 1378 bominem,

197 1387 265 1466 quia
285 1405 315 1444 se
333 1384 399 1444 lana
419 1389 448 1444 et
466 1383 588 1465 pellibus
608 1383 725 1455 vestiat,
745 1385 811 1464 quia
827 1382 990 1442 animalium
1005 1401 1088 1442 carne
1102 1387 1234 1442 vescatur
1262 1384 1333 1462 quia

186 1484 300 1544 eorum
319 1463 448 1524 laborem
468 1463 503 1522 ad
524 1483 574 1524 sua
594 1463 744 1524 commoda
763 1463 900 1544 applicet:
922 1462 972 1522 sed
986 1468 1096 1522 tantum
1112 1461 1285 1522 demonstrat
1300 1463 1333 1521 in

196 1544 254 1606 hoc
273 1543 435 1625 spectaculo
455 1543 611 1603 dominium
631 1541 702 1602 illud
722 1561 780 1622 quo
800 1545 895 1624 ipsum
914 1539 995 1602 Deus
1015 1541 1134 1602 ornavit.
1154 1539 1219 1602 lluc
1231 1549 1332 1602 antem

198 1629 308 1707 spectat
333 1635 458 1700 summa,
483 1621 581 1683 Deum
604 1623 635 1682 iu
653 1621 769 1682 homino
788 1623 911 1683 creando
931 1642 944 1680 s
965 1623 1241 1682 ocimumimmcnsae
1259 1639 1332 1702 erga

197 1724 266 1766 eum
289 1704 398 1784 gratiae
416 1707 444 1761 et
455 1702 617 1843 plusquam
637 1703 747 1783 paterni
766 1704 870 1764 amoris
890 1642 1023 1776 cdidssc,
1046 1701 1126 1782 quod
1150 1701 1249 1762 merito
1271 1719 1330 1762 nos

475 1782 557 1844 ebcat
572 1783 715 1842 attonitos.
735 1781 796 1842 lam
810 1784 939 1864 quamvis
953 1780 1075 1841 bominis
1091 1779 1246 1841 defectione
1259 1800 1330 1842 con-

158 1927 160 1938 ,
198 1865 267 1925 ditio
287 1862 414 1934 illafcre
434 1883 547 1944 pessum
568 1864 647 1939 ierit,
666 1881 780 1922 manere
800 1869 896 1923 tamen
915 1861 1009 1922 adhuc
1028 1861 1259 1942 quasdamillins
1275 1859 1332 1920 Di·

197 1946 282 2006 vinae
300 1943 474 2004 liberalitatis
487 1944 629 2024 reliquias,
649 1962 723 2024 quae
737 1943 773 2002 ad
786 1940 936 2004 creandam
950 1937 1031 2002 nobis
1046 1941 1259 2002 admirationem
1273 1939 1333 2002 suf-

185 2013 306 2086 ·liciairt.
342 2022 399 2084 Sed
427 2023 493 2104 quia
518 2023 548 2083 in
572 2023 626 2084 bac
651 2023 680 2083 lu
701 2021 764 2082 ubri
788 2023 980 2104 dissipatione.
993 2041 1052 2083 uon
1071 2021 1193 2102 amplius
1211 2021 1335 2102 refulget

198 2104 341 2186 legitimus
363 2103 412 2164 illc
436 2110 555 2162 naturae
575 2101 661 2178 ordo,
683 2044 784 2162 iideles
808 2109 918 2177 tamon,
943 2121 1016 2184 quos
1036 2099 1116 2165 Deus
1141 2101 1193 2162 sub
1214 2101 1331 2162 Christo

198 2185 291 2265 capite
310 2183 346 2244 ad
367 2202 397 2244 se
417 2183 534 2262 colligit,
554 2181 666 2243 residua
685 2179 836 2256 bonorum,
877 2183 959 2242 uibus
978 2185 1008 2242 in
1025 2181 1119 2242 Adam
1138 2181 1252 2262 spoliati
1271 2181 1331 2242 fue·
1423 2195 1424 2210 ¹

137 2269 139 2274 ⁴
198 2269 277 2326 rant.
302 2268 382 2344 parte
407 2265 448 2322 sic
467 2263 566 2344 potiri,
593 2267 624 2322 ut
648 2262 742 2343 ampla
766 2263 822 2322 illis
842 2204 1033 2322 admirationis
1052 2247 1170 2322 miteria
1189 2267 1332 2344 suppetat,

179 2341 279 2424 ·quod
303 2350 364 2402 tam
387 2341 509 2424 benigue
535 2341 571 2400 ab
596 2361 631 2401 eo
654 2348 821 2402 tractentur.
861 2341 923 2402 Etsi
943 2347 1036 2402 autern
1056 2337 1152 2401 David
1172 2347 1283 2401 tantum
1302 2341 1334 2400 in

200 2430 258 2484 tem
281 2422 405 2482 oralibus
424 2421 481 2483 Dei
505 2420 648 2484 beneficiis
668 2421 799 2498 subsidit,
818 2429 950 2484 nostrum
974 2427 1080 2494 tamen,
1094 2427 1138 2482 est
1162 2421 1247 2480 altius
1266 2441 1333 2503 pro·

199 2442 289 2582 gredi,
308 2509 338 2562 et
355 2501 572 2562 inaestimabiles
592 2501 721 2562 coelestis
740 2503 819 2582 regni
831 2497 988 2577 thesauros,
1008 2521 1081 2582 quos
1099 2502 1129 2560 in
1149 2500 1264 2561 Christo
1283 2521 1334 2561 ex·

200 2582 311 2664 plicuit,
330 2589 359 2642 ct
379 2579 564 2662 quaecunque
584 2582 620 2642 ad
640 2583 816 2663 spiritualem
834 2583 923 2644 vitam
935 2583 1077 2664 portinent
1091 2579 1176 2656 dona,
1190 2585 1332 2660 reputare,

201 2668 234 2722 ut
254 2661 324 2722 baec
343 2661 528 2722 consideratio
549 2661 636 2721 corda
656 2667 754 2722 nostra
773 2661 809 2723 ad
829 2663 941 2743 pietatis
961 2661 1087 2722 studium
1106 2659 1257 2738 accendat,
1279 2679 1334 2720 nec
1423 2669 1424 2686 ¹

202 2747 320 2822 torpere
337 2760 391 2804 uos
411 2739 484 2802 sinat
502 2739 531 2800 iu
552 2739 725 2802 celebrandis
745 2743 807 2802 eins
824 2741 965 2802 laudibus.
1101 2733 1105 2750 '

559 3129 988 3203 rssuuusru
1104 3219 1109 3237 ,

203 3331 267 3372 Ass.
282 3328 356 3372 Denta
369 3335 488 3386 postque·
500 3331 607 3374 maaet!
619 3333 743 3388 aspertum
756 3343 811 3388 puae
824 3330 915 3386 adeptu
928 3337 977 3374 eret
988 3332 1095 3374 erasm
1100 3361 1108 3386 ,
1126 3345 1154 3374 ee
1165 3331 1189 3374 is
1200 3344 1275 3374 eom
1286 3344 1336 3374 eu-

283 3411 353 3454 rem,
366 3401 410 3442 vet
421 3401 521 3454 guatinas
533 3407 555 3444 et
567 3402 794 3462 &marenx-agnitae
807 3401 900 3444 extulit:
917 3415 972 3444 esne
991 3401 1058 3444 denso
1071 3401 1211 3458 seremiles
1223 3403 1285 3444 nonis
1298 3401 1336 3444 do-

284 3467 356 3512 ntibus
373 3475 395 3510 et
409 3469 525 3526 pertalis,
538 3471 643 3534 inploret
652 3473 748 3515 maden
760 3471 878 3526 Detfidess
889 3487 949 3530 pseu
958 3473 1024 3530 prise
1037 3473 1187 3518 artemam
1199 3478 1249 3516 eres
1261 3487 1336 3531 erper-

267 3589 270 3598 ,
283 3543 328 3595 tus,
341 3553 454 3596 eonnpu
466 3539 589 3597 superbiens
597 3544 712 3614 proctamet
724 3548 794 3600 optet.

3 3647 4 3680 ἶ
108 3731 111 3738 .
231 3635 283 3746 ’1.
305 3675 467 3748 Praefecto
489 3665 619 3750 Abnullr
636 3679 767 3768 Labeo,
789 3681 954 3751 Canticum
975 3625 1116 3751 bandis.

197 3895 202 3910 .
284 3847 434 3930 Inscriptio
454 3849 525 3922 baec
543 3855 623 3914 varie
642 3853 804 3937 exponitur.
823 3851 961 3915 Nonnulli
980 3855 1057 3916 enim
1075 3853 1262 3931 transferunt,
1282 3851 1337 3914 Su·

205 3947 257 4008 per
276 3934 368 3988 morte
387 3927 498 3992 Labcn:
524 3941 554 3994 ct
573 3933 649 3996 huuc
688 3936 854 4015 raccipuum
873 3935 997 4016 aliquem
1017 3955 1054 3996 en
1074 3933 1192 3996 ducibus
1211 3934 1340 3994 bostium

205 4009 294 4068 fuisse
313 4008 503 4104 volunt3Alii
521 4013 641 4089 malunt,
660 3955 792 4074 fictitium
811 4013 899 4100 fuisso
917 4035 1035 4075 nomen:
1055 4021 1215 4096 putantque
1232 4017 1264 4074 in
1281 4013 1341 4074 hoc

205 4085 321 4152 Psalmo
346 4097 440 4149 uotarr
464 4089 588 4153 Goliath.
625 4091 682 4153 Alii
707 4091 848 4154 musicum
872 4093 958 4156 fuisse
983 4098 1201 4155 instrumentum
1224 4093 1340 4154 docent.

204 4165 277 4226 Mihi
296 4186 365 4227 vero
384 4170 500 4246 rectius,
519 4173 567 4232 vel
586 4172 688 4236 saltem
709 4177 757 4251 (ut
776 4175 805 4234 in
824 4193 856 4235 rc
877 4174 1009 4255 obscura)
1028 4177 1118 4257 magis
1136 4172 1284 4256 probabile
1299 4175 1341 4233 vi-

205 4245 299 4318 detur,
317 4247 430 4308 initium
445 4249 535 4322 fuisse
555 4251 673 4313 celebris
693 4255 833 4329 carminis,
854 4255 891 4314 ad
910 4255 991 4316 cuius
1010 4255 1143 4318 modulos
1163 4253 1343 4336 compositus

204 4325 259 4386 luit
277 4325 419 4422 fralmus.
444 4327 533 4408 Quod
552 4338 648 4392 autem
668 4332 813 4416 disputant
831 4333 999 4417 interpretes
1018 4354 1105 4416 quam
1125 4335 1274 4414 victoriam
1293 4331 1344 4393 laic

83 4437 87 4442 ·
203 4405 349 4487 praedurat
372 4405 482 4488 David,
512 4431 576 4473 meo
602 4411 707 4474 iudicio
731 4415 816 4476 inane
840 4419 893 4476 est.
932 4411 1061 4478 Primum
1085 4413 1164 4496 quod
1188 4413 1344 4496 epinicium
