2818 4886
107 229 112 238 ⁶
192 263 244 324 142
461 293 467 306 .
615 255 900 348 rcusqrqus·

193 391 258 454 d'em
278 397 331 467 est,
349 377 441 452 irritus
461 407 523 448 esse
547 377 658 466 legales'
671 389 873 470 promissiones
892 394 991 449 nostro
1010 389 1090 462 titio,
1110 387 1185 469 quie'
1199 390 1320 472 longer

70 523 73 530 .
205 475 276 534 slsum
295 471 401 532 iustitie
420 469 467 529 vel
486 467 705 549 perfectissimus
726 471 789 550 quis
830 469 958 530 e'obestt
983 468 1060 528 nolle
1084 475 1181 530 nutem
1201 468 1321 532 bomini·

192 496 250 696 lu
266 547 1322 703 urutmsrutunt¹m¹

192 733 243 773 um
262 709 421 771 mercedem
439 707 510 804 lore,
530 709 554 766 si
574 708 638 804 quis
646 705 753 804 legem
771 709 850 806 omni
869 727 906 768 ex
925 713 1008 804 porte
1026 707 1157 804 implente
1177 717 1208 770 et
1227 651 1323 771 “popu

191 789 509 950 iiiiii-iliis
520 785 1222 946 'iiiiiilil‘moliiilffliffffi
1240 809 1325 931 tta

139 963 146 972 ·
192 949 310 1034 patebit.
349 947 507 1027 Postquam
536 947 612 1006 enim
642 946 698 1007 boe
787 948 794 964 ⁸
838 945 1007 1008 benefitium
1146 950 1190 1009 vit
1218 946 1326 1024 David,

192 1029 271 1112 quod
281 1027 339 1089 Dei
356 1027 513 1088 cultoribus
532 1025 656 1105 emplum
676 1045 706 1086 m
788 1046 834 1086 em
853 1028 946 1100 offert,
965 1027 1061 1086 stetim
1085 1026 1144 1090 slio
1161 1047 1326 1091 menen

192 1109 372 1182 transferens,
392 1103 541 1180 excludunt,
560 1103 673 1166 Delicta
692 1108 757 1186 quis
775 1107 924 1188 intelligit?
947 1105 996 1166 ubi
1014 1125 1079 1167 reos
1098 1113 1230 1168 estense
1248 1129 1326 1170 mor·

192 1193 231 1250 tis
256 1187 446 1271 pronuncians
470 1193 588 1246 oonetos
607 1185 751 1261 homines,
795 1185 911 1268 nioqoid
933 1202 1010 1246 exo
1047 1205 1109 1246 rom
1129 1189 1238 1248 meritis
1256 1209 1326 1250 een·

193 1271 251 1350 oipi
270 1274 370 1351 potest·
383 1265 502 1326 lidueioe
521 1267 550 1324 in
569 1265 692 1326 nibilum
710 1265 769 1326 redi
812 1311 819 1326 .
859 1265 892 1326 st
916 1267 980 1346 quis
1000 1285 1018 1325 o
1038 1267 1121 1340 iioiut,
1145 1266 1252 1328 bnstrs
1272 1267 1327 1328 Le-

192 1369 258 1430 gem
278 1351 334 1408 isto
353 1347 483 1407 enoomio
503 1346 598 1404 ornari
617 1345 695 1424 qnod
715 1334 818 1406 ellectu
837 1352 924 1419 neret,
948 1351 1084 1426 prompte
1099 1348 1248 1427 responsio
1267 1357 1326 1409 est:

192 1431 260 1510 quie
279 1431 309 1488 in
328 1425 442 1487 loedere
460 1425 619 1506 adoptionis
636 1425 746 1484 incluse
764 1431 809 1486 est
827 1427 947 1508 gratuitu
971 1432 1155 1505 peemtorum
1174 1428 1268 1503 venis,
1289 1447 1328 1490 ex

193 1527 251 1590 qus
271 1505 412 1588 dependet
421 1505 541 1564 iustitiae
556 1505 715 1586 imputatio,
734 1503 861 1565 fidelium
871 1503 1004 1586 operibns
1013 1505 1173 1566 mercedem
1193 1510 1327 1588 quumvis

193 1589 346 1648 indebitam
366 1584 491 1665 rependi,
530 1582 604 1644 Nem
624 1583 703 1663 quod
721 1586 751 1644 in
771 1583 847 1666 lege
860 1583 946 1644 *Dens
965 1583 1111 1665 perieulis,
1130 1585 1255 1647 insudas
1274 1587 1326 1648 ob·

193 1666 384 1730 servatoribus
404 1664 552 1746 promittit,
571 1663 669 1724 fideles
688 1671 806 1746 peteme
825 1665 887 1725 eins
905 1663 1078 1746 indulgentie
1097 1663 1237 1740 obtinent,
1256 1667 1325 1726 dmn

159 1767 166 1778 ‘
192 1749 309 1810 illorum
324 1752 461 1886 lqopotnm
481 1749 512 1806 et
528 1743 609 1826 pium
628 1742 803 1826 obsequendi
812 1744 936 1806 studium
955 1743 1141 1828 prolustitiee
1149 1745 1327 1830 perseeutione

192 1836 305 1909 gentum
345 1831 416 1886 eet
453 1837 458 1862 ¹

206 2093 209 2100 r
283 2037 335 2106 11.
357 2033 490 2102 Errores
516 2031 588 2123 quis
613 2032 785 2126 intelliget?
806 2033 846 2100 sb
868 2033 1100 2119 oeerdtismeis
1121 2033 1241 2102 munde
1261 2057 1327 2104 me.

194 2145 247 2210 13.
269 2141 373 2208 Etiam
404 2165 422 2206 o
450 2139 603 2230 superbiis
629 2141 756 2206 eontine
782 2161 910 2206 servmn
930 2149 1039 2221 tuum,
1059 2161 1102 2206 ne
1124 2139 1328 2207 dominentur

192 2247 284 2318 mihi:
311 2257 386 2314 tunc
412 2245 532 2336 integer
560 2267 630 2328 ero,
656 2249 689 2312 et
714 2241 892 2310 mundabor
919 2267 938 2310 e
965 2241 1083 2312 scelere
1109 2243 1223 2313 multo.
1271 2243 1324 2316 14.

192 2355 265 2424 Sint
291 2352 331 2426 ed
358 2350 588 2441 beneplaeitum
615 2349 740 2440 eloquia
768 2350 831 2418 oris
858 2349 937 2435 mei,
971 2360 1005 2418 et
1030 2349 1192 2418 meditatio
1220 2353 1327 2420 eondis

158 2479 163 2502 ¹
192 2461 258 2546 mei
278 2462 385 2526 curem
406 2466 439 2524 te
460 2455 587 2541 lebeus,
607 2455 757 2523 fortitudo
779 2475 851 2522 mee
872 2465 906 2524 et
926 2454 1109 2546 redemptor
1129 2477 1231 2525 meus.
1285 2488 1293 2500 ¹

212 2638 217 2656 ·
271 2619 351 2680 lluee
374 2617 544 2680 exelomstio
567 2617 693 2678 ostendit
716 2616 862 2697 quomodo
882 2613 966 2697 begis
990 2618 1200 2700 promissiones,
1221 2619 1327 2700 quibus

144 2719 149 2726 ·
193 2700 289 2761 edditu
307 2705 351 2759 est
370 2698 508 2771 conditio,
534 2697 662 2777 ooeipere
681 2698 845 2756 conveniet:
871 2715 975 2777 nempe
993 2695 1079 2758 simul
1096 2715 1131 2758 se
1149 2699 1180 2758 ie
1199 2699 1327 2759 medinm

192 2780 345 2863 prodeunt,
364 2786 397 2838 ut
417 2778 645 2857 quinquenium
660 2793 741 2835 suem
750 2777 902 2850 exeminet,
920 2795 976 2836 nee
994 2777 1069 2838 lueto
1087 2777 1176 2838 modo
1194 2797 1257 2852 suo,
1277 2781 1328 2839 sed

192 2859 376 2942 eogitetiones
399 2861 485 2918 etiem
510 2857 605 2937 exiget
629 2855 664 2916 ed
688 2855 844 2937 perfeetum
861 2855 941 2917 illem
960 2855 1082 2926 iustitiae
1101 2877 1232 2918 nomem
1251 2877 1328 2938 quee

191 2943 222 3002 iu
242 2939 318 3021 Lege
336 2938 466 2998 truditur.
507 2935 557 2998 Sio
574 2935 626 2996 liet
637 2941 671 2996 ut
689 2935 726 2994 od
745 2955 834 2995 unum
849 2955 956 3009 omnes,
975 2955 1027 3016 spe
1035 2937 1173 2998 meroedis
1192 2936 1327 3012 obedisse,
1391 2912 1399 2967 '¹

191 3021 227 3081 ed
247 3019 304 3079 Dei
323 3017 543 3078 misericordium
567 3016 720 3096 eousugers
743 3033 861 3076 neeesse
885 3015 1014 3075 babeant
1054 3013 1155 3097 Neque
1179 3019 1255 3078 enim
1281 3039 1328 3078 re·

192 3107 291 3180 putere
315 3099 383 3158 setis
408 3103 453 3157 est
476 3095 545 3177 quid
564 3094 648 3175 Legis
672 3094 801 3156 donnino
825 3097 976 3168 eontiueet,
1000 3095 1054 3155 nisi
1072 3097 1158 3156 etism
1171 3098 1330 3177 'seriumne

192 3181 227 3238 nd
248 3185 358 3239 rosbes
378 3194 514 3257 personas
533 3174 686 3254 inquibus
705 3176 862 3254 reperietur
879 3171 1014 3234 delentos.
1053 3173 1185 3255 Pepistee
1203 3177 1326 3236 simnlm

191 3259 326 3330 audiunt,
345 3254 406 3333 Qui
425 3255 524 3317 feeerit
542 3253 627 3327 haee,
651 3253 729 3312 vivet
747 3254 778 3312 in
796 3253 880 3334 ipsis,
904 3251 995 3314 luerit.
1016 3255 1070 3329 18,
1089 3257 1117 3318 5.
1138 3273 1238 3316 meum
1256 3275 1326 3337 ope.
1356 3285 1366 3295 -
1392 3257 1398 3270 '¹

192 3355 256 3398 rnm
277 3354 396 3396 snorum
415 3335 523 3394 meritis
542 3338 687 3392 oeternum
704 3333 794 3392 vitam
817 3333 942 3414 alligent,
962 3335 1018 3393 sesi
1038 3336 1069 3394 in
1087 3351 1188 3395 eorum
1207 3333 1327 3395 arbitrio

191 3423 276 3478 esset,
286 3414 391 3496 Legem
415 3418 572 3494 proestare,
596 3413 677 3472 euius
701 3411 800 3471 omnes
824 3429 923 3472 sumus
942 3419 1164 3493 transgressores
1183 3435 1243 3475 non
1262 3423 1326 3475 tun·
1397 3449 1398 3466 ι

191 3505 254 3557 tum
279 3497 310 3555 in
329 3514 389 3554 nno
414 3493 509 3574 epiee,
533 3491 583 3552 sed
607 3493 638 3551 in
661 3491 779 3572 singulis
804 3491 940 3574 pertibus.
978 3491 1105 3574 ldsoque
1128 3492 1224 3555 David
1243 3495 1326 3575 qussi

192 3573 356 3656 lebyrintbo
376 3573 516 3646 obsessus,
536 3571 704 3632 delictorum
714 3571 894 3632 multitudine
913 3589 944 3631 se
958 3571 1040 3632 obrui
1054 3591 1121 3633 eum
1139 3573 1327 3640 edrnirstione

192 3657 305 3717 istetur.
343 3651 410 3713 Hoc
427 3653 514 3733 igitur
529 3653 626 3748 primo
648 3651 812 3727 tenendum,
832 3654 899 3732 quie
918 3650 1001 3732 Legis
1019 3653 1126 3712 institis
1146 3653 1327 3714 destituimur

192 3737 223 3796 in
243 3735 353 3806 nostes,
366 3733 509 3814 personisr
528 3731 592 3792 ideo
612 3731 728 3791 etiams
747 3749 799 3812 spe
817 3731 955 3791 mereedis
974 3749 1048 3810 quse
1061 3733 1327 3813 illiepromittitur,

193 3814 325 3876 excludis
340 3812 442 3872 deinde
460 3825 521 3871 nou
540 3831 599 3872 nno
618 3819 668 3870 out
686 3811 776 3870 altero
795 3810 908 3886 delicto,
927 3811 978 3870 sed
991 3812 1145 3872 innumeris
1154 3831 1208 3872 nos
1227 3831 1328 3872 eorem

193 3895 259 3955 Deo
284 3909 349 3953 reos
374 3891 543 3972 eonstringi=
568 3898 600 3950 ut
620 3907 685 3950 eum
706 3890 885 3951 suerbissimo
904 3886 1004 3950 dolore
1023 3891 1152 3952 deflende
1170 3894 1208 3952 sit
1226 3899 1328 3952 nostre

193 3975 331 4057 poteritne,
357 3990 438 4050 quse·
455 3991 513 4030 uon
536 3977 649 4030 tentum
669 3969 724 4029 Dei
749 3970 942 4032 benedictione
966 3989 1022 4030 nos
1076 3973 1142 4045 bet,
1166 3971 1216 4031 sed
1235 3973 1328 4030 vtum
1396 4005 1397 4008 =

193 4054 336 4115 convertit
359 4052 389 4110 in
413 4057 551 4110 mortem:
575 4049 657 4109 sicuti
682 4049 877 4114 noudubium
895 4055 940 4110 est
958 4051 1028 4130 quin
1077 4051 1152 4123 ovid,
1172 4057 1328 4132 postquem

193 4133 291 4194 Deum
315 4129 467 4190 libersliter
489 4130 648 4211 pmemium
671 4131 774 4189 offerre
798 4129 909 4190 dinem
928 4129 1059 4190 omnibus
1079 4133 1129 4210 qui
1149 4128 1255 4210 legem
1275 4131 1327 4191 ob·

193 4218 316 4286 ment,
341 4210 459 4270 bor'rore
480 4211 629 4292 pemulsus
653 4209 778 4290 eruperit
801 4209 831 4267 in
854 4207 928 4268 beno
950 4227 1061 4269 vooem.
1102 4207 1159 4269 Per
1178 4215 1327 4282 nibem

193 4293 240 4352 vel
260 4309 379 4365 errores,
398 4287 513 4368 quidem
523 4290 633 4348 minore
647 4287 748 4348 delicte
768 4289 861 4348 notus-i
880 4294 995 4367 putent:
1014 4299 1115 4348 verum
1130 4287 1226 4349 David
1245 4287 1327 4364 (meo

9 4445 10 4454 χ
132 4367 146 4384 ”
193 4371 312 4446 iudicio)
336 4369 501 4450 simpliciter
524 4369 617 4432 disere
641 4367 745 4444 voluit,
769 4367 898 4450 pluribus
920 4365 1044 4430 &tenue
1063 4368 1181 4430 felleus
1199 4387 1254 4432 uos
1273 4371 1326 4430 im·
1395 4433 1396 4462 ,
