2854 4886
198 233 236 292 53
623 235 912 282 autumnus

198 357 283 439 saepe
301 364 417 441 ereptus
433 358 528 420 iceret
546 377 563 418 e
581 358 700 418 summis
717 358 863 439 perieulis:
883 357 985 420 tende
1003 358 1124 422 aetutem
1142 357 1196 420 sibi
1210 359 1330 441 promit·

196 439 233 498 tit
251 439 308 498 ini
343 440 367 500 is
386 440 486 498 mortis
504 436 642 513 saucibus,
662 438 730 518 quia
749 439 928 499 consueverit
943 436 1102 509 Deus‘rton
1116 444 1230 500 tantum
1243 441 1330 502 usite-

196 517 235 578 tis
259 459 351 578 modh
375 537 474 580 servos
498 537 566 580 suos
584 518 698 592 iuvere,
722 529 880 600 eorumque
899 517 980 578 maiis
998 503 1121 596 mederi,
1145 518 1195 580 sed
1213 520 1331 600 ipsosc

196 598 332 678 sepulcro
359 597 493 672 educere,
519 603 672 680 postquam
696 616 709 656 s
784 599 861 658 vitec
883 599 1009 678 praecise
1034 603 1086 658 est.
1125 596 1228 660 Portas
1253 599 1333 660 enim

194 677 294 738 mortis
322 676 517 758 metaphorice
545 677 669 758 appellat
727 677 796 738 tima
819 677 981 738 discrimine
1006 696 1079 758 queo
1103 678 1250 738 interitum
1276 680 1332 740 mi·

195 763 309 829 nentur,
328 757 387 816 imo
406 759 464 817 iam
481 763 612 839 apertum
631 756 792 837 sepulcrum
808 762 958 818 ostentant.
983 755 1111 836 Ergone
1127 757 1173 816 vel
1185 758 1332 818 melorum

192 859 193 862 ¹
216 837 388 896 ra‘esentium
408 837 544 917 gravitas,
564 835 612 898 vel
629 836 852 917 impendentium
869 843 962 896 metus
981 835 1066 896 tidem
1085 843 1212 898 nostram
1231 837 1332 898 ahsor-

193 855 269 990 hear,
288 916 335 976 vel
369 935 447 978 reces
461 923 573 976 nostres
586 913 749 997 ehenmpatt
768 935 935 978 revocemus
953 917 984 986 iu
999 916 1174 990 memoriam,
1193 937 1254 978 nou
1269 917 1331 978 iru-

194 1001 253 1055 stre
272 994 329 1056 hoc
347 937 413 1056 dieo
432 1015 537 1078 munus
556 989 686 1070 edscr‘ibi,
705 995 784 1076 qnod
803 1015 871 1056 suos
891 995 1011 1056 extollat
1029 1008 1063 1054 e'
1088 996 1157 1054 ortis
1176 998 1288 1058 mortis.
1421 1013 1422 1052 t

191 1133 198 1147 ,
273 1077 321 1138 15.
347 1079 387 1136 Ut
405 1085 530 1138 recitem.
551 1073 725 1154 Quanquam
743 1074 907 1156 simpliciter
925 1075 1057 1155 intelligit
1068 1017 1175 1150 havit,
1266 1096 1330 1138 om·
1421 1101 1422 1106 ¹

195 1171 247 1214 nes
268 1161 376 1230 cbetns,
395 1161 425 1214 et
444 1155 605 1236 ubieunque
622 1155 677 1214 erit
695 1155 819 1242 maxime
831 1175 876 1236 ¹po
896 1154 938 1216 nli
955 1153 1123 1234 frequentis,
1142 1173 1174 1216 se
1190 1094 1248 1218 ΒΞ
1266 1155 1332 1217 len·
1421 1199 1422 1202 κ

122 1241 125 1248 ’
194 1232 245 1296 des
264 1233 472 1296 celebraturum
491 1234 573 1315 (quie
591 1241 661 1296 tuno
671 1235 704 1294 in
719 1235 808 1315 portis
822 1175 952 1296 solehant
964 1253 1048 1315 agere
1062 1235 1231 1314 conventus)
1250 1236 1333 1298 vide·

193 1319 242 1373 tur
259 1319 356 1374 temen
375 1311 477 1374 allusio
497 1333 559 1374 esse
577 1313 613 1374 ed
632 1316 859 1394 portesmuthe,
878 1312 938 1375 acsi
952 1313 1077 1388 dixisset,
1096 1320 1231 1395 postqum
1244 1334 1330 1396 erep-
1421 1355 1422 1372 ,

192 1399 242 1452 tna
265 1399 310 1454 est
333 1412 351 1454 a
370 1394 515 1475 sepulcro,
538 1411 570 1454 sc
593 1393 727 1454 daturum
751 1413 868 1474 operam
886 1401 920 1455 nt
941 1391 995 1454 Dei
1013 1394 1133 1475 gratim
1151 1394 1183 1454 iu
1201 1395 1332 1456 maxiem

91 1519 95 1524 .
192 1471 259 1533 tuce
282 1478 413 1538 testetur.
448 1471 507 1536 Sed
531 1474 598 1554 quia
621 1493 682 1534 nou
704 1471 824 1548 sufficit,
846 1473 904 1534 Dei
927 1472 1025 1536 laudes
1048 1473 1079 1534 in
1097 1473 1201 1554 linguis
1219 1475 1330 1534 nostn's

190 1569 304 1626 sonare,
323 1552 376 1612 nisi
395 1571 433 1613 ex
451 1553 546 1614 auimo
565 1552 791 1634 proficiscantur,
810 1554 924 1614 additur
942 1553 1060 1614 interior
1078 1553 1194 1630 laetitia,
1213 1555 1271 1614 acsi
1284 1553 1328 1614 di-

191 1631 289 1705 xisset,
303 1651 364 1692 non
377 1632 465 1692 ulium
479 1633 508 1691 in
522 1631 610 1694 finem
623 1631 676 1692 sihi
689 1633 719 1694 in
734 1633 829 1694 auimo
843 1653 915 1702 esse,
927 1633 1072 1728 prementi
1084 1633 1143 1694 vita
1157 1632 1221 1706 frui,
1234 1650 1327 1713 quam

190 1716 225 1770 ut
244 1711 364 1790 medat
383 1731 414 1771 se
433 1710 529 1772 eDeo
547 1719 691 1774 senatum
705 1731 777 1772 esse.
805 1711 867 1774 Sub
882 1709 969 1774 Fihae
982 1713 1107 1784 nominc,
1125 1713 1263 1794 populum
1276 1713 1327 1774 vel
1366 1723 1371 1728 '

190 1791 335 1868 civimtem
353 1791 472 1873 intelligi
489 1797 591 1854 notum
609 1798 662 1868 est,
681 1792 731 1852 sed
750 1791 850 1872 urbem
868 1793 960 1874 ipsam
978 1811 997 1854 a
1015 1791 1167 1874 praecipue
1181 1798 1262 1874 perte
1275 1791 1325 1854 de-

190 1871 328 1932 nominat

221 2081 224 2090 ¹
283 2095 337 2164 16.
359 2093 532 2164 Demersus
559 2107 636 2164 sunt
660 2105 769 2188 gentes
791 2097 823 2164 in
846 2097 972 2166 foveam
994 2121 1091 2189 quam
1112 2097 1270 2168 fecerunta
1289 2097 1324 2164 in
1349 2170 1351 2176 ,

176 2211 259 2281 ¹rote
282 2201 369 2292 quod
391 2201 630 2285 absconderunt,
652 2212 761 2294 ceptus
783 2213 832 2270 est
852 2225 910 2295 pes
932 2225 1053 2271 eorum.
1082 2203 1135 2274 17.
1152 2202 1259 2278 Notus
1275 2213 1326 2272 est

188 2305 307 2376 lehova
327 2305 477 2376 iudicimn
498 2307 656 2394 [edendos
676 2307 710 2375 in
732 2331 828 2400 opere
850 2325 1004 2378 manuum
1027 2331 1156 2376 suarum
1177 2309 1325 2402 illaquce
1357 2364 1365 2372 .

106 2415 110 2432 ’
191 2422 244 2482 tus
267 2423 316 2490 cst
336 2412 463 2504 impius.
501 2413 636 2506 iligaion
658 2412 764 2482 Selah.

269 2585 317 2646 16.
336 2586 497 2646 Dernersoe
515 2593 594 2648 sunt.
633 2583 692 2646 Iam
711 2581 807 2645 David
832 2585 935 2646 fiducie
956 2592 1083 2662 erectus,
1108 2585 1239 2648 hostibus
1261 2587 1322 2648 suis

187 2661 314 2724 insultet.
347 2665 393 2724 Ae
412 2666 535 2744 primum
554 2664 670 2744 quidem
689 2664 882 2746 metaphorice
902 2665 984 2738 dicit,
1009 2667 1123 2748 propria
1148 2686 1199 2728 eos
1218 2668 1322 2728 eshrtia

187 2749 218 2804 et
235 2742 342 2802 insidiis
361 2742 447 2804 fnisse
461 2745 592 2826 irretitos.
611 2743 723 2805 Deinde
738 2743 794 2804 hoc
808 2745 884 2806 idem
897 2746 958 2806 siue
972 2744 1063 2828 figura
1078 2747 1222 2826 exprimit,
1242 2746 1323 2826 quod

186 2821 217 2882 in
241 2841 295 2882 suo
318 2822 425 2884 scetere
448 2823 730 2902 illaqueationem
763 2823 828 2886 Hoc
851 2844 921 2886 vero
946 2845 1006 2899 non
1029 2825 1150 2886 fortuito
1176 2825 1321 2902 cecidisse,

126 2923 130 2930 ·
185 2901 237 2962 sed
261 2921 334 2982 opus
353 2900 411 2963 Dei
434 2909 464 2962 et
488 2903 599 2964 illustre
621 2904 718 2966 indicii
742 2905 803 2966 eius
822 2905 966 2986 specimen
984 2924 1046 2966 csse
1065 2904 1197 2966 affirmat.
1227 2904 1323 2968 Porro

184 3001 245 3043 non
264 2989 372 3044 temere
390 2981 574 3042 venatoribus
586 2983 635 3044 vel
650 2985 806 3065 aucupibus
821 2992 967 3066 comparat
981 2983 1077 3046 hostes
1092 3005 1169 3060 suos,
1186 2985 1322 3065 quamvis

124 3107 128 3120 .
179 3063 262 3122 ¹enim
281 3061 417 3122 violentia
436 3069 465 3157 et
483 3063 594 3142 impetu
613 3081 697 3143 saepe
716 3071 879 3145 guasconiae
897 3064 990 3145 impii,
1009 3085 1121 3146 semper
1134 3071 1228 3126 mmen
1240 3065 1320 3126 iren·

185 3139 268 3201 dibus
288 3148 318 3200 et
337 3137 458 3280 oblisppn
477 3141 604 3204 artificiis
623 3150 734 3224 petrem
747 3163 832 3205 suum
845 3141 980 3208 Seianum
995 3145 1155 3220 imitantur,
1173 3145 1224 3226 qni
1237 3163 1318 3206 meu·

183 3219 258 3281 decii
277 3226 358 3300 peter
377 3239 408 3280 es
453 3222 550 3300 itaque
569 3221 707 3302 quicquid
725 3221 830 3284 hebent
847 3225 961 3304 ingenii,
980 3224 1016 3286 ad
1036 3211 1172 3300 molitiem
1186 3231 1216 3284 et
1228 3225 1320 3286 noxia

52 3359 57 3372 ,
184 3300 303 3360 consitio
321 3299 484 3360 deflectunt
510 3297 631 3378 Quoties
650 3321 721 3382 ergo
739 3301 838 3364 doloso
855 3305 1011 3384 perniciem
1024 3304 1106 3366 nobis
1119 3303 1320 3366 machinantem

182 3379 279 3460 impii,
298 3379 395 3438 veniat
413 3378 495 3440 nobis
514 3381 544 3442 in
564 3389 704 3455 mentem,
723 3383 840 3444 minime
858 3403 969 3444 novum
987 3401 1049 3444 esse
1069 3384 1095 3444 si
1112 3379 1170 3444 Dei
1188 3382 1254 3444 filiis
1272 3404 1319 3446 re·

183 3459 224 3520 tie
243 3466 273 3520 ct
290 3459 386 3538 laquei
399 3459 560 3520 tendantur.
586 3460 680 3522 Simul
694 3468 790 3522 summ
805 3463 963 3530 consolatio
977 3463 1048 3524 haec
1064 3467 1219 3539 succurrat,
1279 3465 1317 3526 ‘o-

183 3537 254 3620 quid
267 3545 385 3615 tentent,
404 3545 538 3600 eventum
551 3560 610 3601 non
624 3542 731 3602 essoin
740 3561 840 3603 eornm
853 3562 949 3616 mersu,
971 3543 1020 3604 scd
1036 3541 1132 3604 Deum
1145 3537 1203 3604 iltis
1217 3562 1234 3603 e
1255 3563 1316 3604 ver·

183 3637 249 3678 sum
267 3619 343 3678 iores
361 3638 421 3678 non
440 3619 527 3680 modo
547 3627 581 3680 ut
599 3613 649 3682 eoi
668 3622 829 3696 frustretur,
848 3622 899 3684 scd
917 3624 1004 3684 ctiam
1024 3629 1057 3683 ut
1076 3622 1267 3704 deprehendat
1284 3625 1333 3684 in*

183 3697 280 3779 pravis
304 3699 426 3758 consitiis
446 3718 521 3779 quae
539 3699 593 3760 sihi
611 3701 762 3762 fabricent:
787 3721 944 3783 omnesque
963 3722 1065 3764 eorum
1084 3704 1182 3784 copies
1201 3722 1318 3766 conver

183 3783 226 3841 tat
239 3779 269 3836 in
286 3776 416 3858 iptorum
430 3779 533 3859 capite.
1100 3853 1103 3860 ¹

263 3857 311 3918 17.
331 3859 432 3918 Notos
451 3868 492 3920 est
511 3861 621 3920 Iehouu
638 3862 782 3924 iudicium
789 3864 950 3945 suem.
986 3859 1037 3924 Sic
1055 3863 1093 3924 ad
1111 3861 1232 3922 verbum
1250 3861 1318 3943 legi·

182 3943 244 4008 tur,
270 3935 408 4017 cognitus
427 3937 533 3999 lehcva
556 3939 691 4000 iudicium
716 3939 795 4000 iecit:
821 3941 871 4002 sed
894 3941 1015 4022 abrupte
1035 3949 1079 4004 est
1098 3943 1205 4014 oratio,
1228 3960 1319 4022 quem
1421 4017 1422 4024 ἵ

80 4053 95 4082 e
183 4015 335 4077 obscurem
354 4016 445 4078 reddit
464 4017 599 4078 brevitas:
622 4019 745 4100 ideoque
764 4020 876 4084 duobus
894 4022 987 4082 modis
1005 4023 1166 4103 exponitur.
1191 4019 1319 4100 Quidam

184 4098 261 4157 enim
280 4103 437 4176 exponunt,
456 4104 519 4157 turn
539 4099 653 4158 demum
673 4101 806 4180 cognosci
819 4101 925 4174 Deum,
944 4101 1109 4183 uhipoeuas
1129 4101 1165 4162 de
1179 4101 1319 4183 improbis

88 4215 100 4228 -
183 4177 279 4258 exigit
300 4174 359 4235 Sed
378 4176 451 4236 alter
459 4196 559 4237 sensus
569 4177 672 4238 melius
687 4180 816 4259 quadret,
835 4181 930 4262 palem
943 4189 1045 4244 esseut
1059 4181 1319 4244 omnihusmauiie·

183 4262 270 4329 stum,
290 4255 402 4336 quoties
417 4257 520 4338 impios
529 4257 667 4338 itiaqueet
679 4277 731 4320 sne
740 4259 855 4336 malitia,
874 4259 972 4323 Deum
979 4262 1175 4342 iudicisprtes
1188 4261 1319 4341 impiere.

183 4334 217 4401 lo
235 4353 357 4412 summa,
377 4337 488 4422 quotics
503 4343 603 4406 cmtra
622 4338 687 4402 iilos
700 4344 847 4430 retorquet
860 4337 941 4404 Deua
955 4361 1141 4430 quascunque
1154 4343 1321 4427 excogitent
