2804 4890
816 1 853 108 i·
965 69 972 84 ·

171 295 245 352 -225
566 285 902 334 'rennues

12 371 13 386 l
118 373 124 392 Ι
193 439 271 494 rere,
290 418 363 480 hene
381 415 487 478 didicit.
526 414 635 476 Contra
656 433 725 476 vero
745 415 809 496 quis
851 415 859 432 “
893 411 991 476 Deum
1015 418 1123 474 statuet
1142 411 1221 473 vitae
1241 417 1339 474 ussto-
1389 411 1390 482 Ῑ

194 503 269 573 dem,
284 497 405 560 eamvel
419 498 448 556 in
464 497 660 556 mediomorte
679 496 789 554 selvam
822 513 871 556 ore
890 513 950 558 oon
969 493 1118 554 dubitabit.
1138 490 1245 574 Neque
1261 495 1342 554 ωἰιιι
1389 511 1390 578 t

152 573 163 580 ”
194 584 284 642 vitam
303 585 430 640 nostrum
450 577 514 636 ideo
534 583 645 636 tontum
665 575 808 656 deponere
827 581 942 656 oportet
960 575 991 634 in
1010 592 1097 633 manu
1116 571 1183 646 Dei,
1204 581 1239 634 nt
1259 573 1342 634 illam
1389 593 1390 660 p

194 662 224 722 in
243 659 350 723 mundo
371 658 550 738 superstitem
571 661 735 716 conservet:
766 654 817 716 sed
841 656 929 716 etiem
953 661 986 714 ut
1010 652 1190 715 shtinteritn
1209 653 1344 716 vindioet
1389 661 1390 718 t

195 741 225 802 in
245 741 428 821 ipsomorte,
452 738 535 796 sicuti
556 733 687 796 Christus
706 734 840 816 exemplo
859 754 914 794 suo
934 733 1040 794 docuit.
1080 729 1344 812 Quemadmodum
1389 721 1390 794 l

195 821 271 880 enim
292 814 387 878 David
407 811 494 875 vitani
514 814 567 875 sihi
586 816 660 876 inter
678 815 778 876 mostis
798 813 960 874 discrimine
980 815 1129 896 prorogari
1148 815 1281 896 optavit:
1301 814 1344 907 sie

46 951 58 962 .
174 953 178 980 ι
196 900 329 960 Christus
349 895 472 958 codueae
491 895 576 956 huius
595 896 672 954 vitae
685 902 797 955 metum
815 913 946 975 egressus
965 901 1023 966 est,
1042 902 1081 954 ut
1099 895 1130 954 in
1149 899 1264 968 morte,
1285 913 1343 974 spr-
1389 909 1390 930 t

196 981 268 1050 ritus
288 977 384 1038 solvus
404 976 486 1036 toret.
527 973 674 1036 Generalis
693 994 762 1056 ergo
783 979 825 1035 est
844 975 897 1036 ists
918 975 1045 1056 preeotio
1065 993 1122 1058 qno
1142 977 1234 1034 vitem
1258 993 1345 1034 suam

70 1125 79 1142 ‚
197 1058 264 1120 Deo
278 1055 477 1124 courmendoot
493 1054 604 1115 lidclss:
625 1055 750 1138 primum
764 1060 797 1114 ut
811 1073 874 1115 erm
895 1073 982 1114 monn
1002 1073 1053 1114 sua
1073 1061 1214 1150 protpget,
1236 1073 1345 1135 quam·

198 1141 246 1199 diu
266 1137 399 1219 periculis
419 1135 517 1196 mrmdi
537 1135 622 1194 huius
643 1133 770 1196 obnoxie
789 1141 849 1194 est:
873 1135 905 1195 in·
924 1141 1018 1195 morte
1037 1153 1117 1208 vero,
1136 1155 1165 1194 m
1187 1153 1248 1214 qna
1270 1134 1346 1194 nihil

218 1227 310 1278 raeter
338 1217 484 1276 interitum
512 1217 651 1290 cernitur,
680 1233 783 1276 sreens
808 1232 860 1277 sue
887 1213 1016 1276 custodia
1040 1213 1344 1276 tervutuootumun.
1389 1287 1390 1290 Ἴ

197 1242 248 1360 hic
268 1317 354 1378 porro
375 1295 558 1356 statuendum
577 1301 631 1369 est,
650 1313 704 1355 nec
723 1297 753 1356 in
773 1294 842 1369 vita,
861 1313 915 1356 neo
934 1295 963 1354 in
983 1301 1077 1354 morte
1096 1291 1189 1354 oDeo
1207 1315 1268 1356 nos
1289 1315 1345 1354 nn·
1389 1291 1390 1360 l

198 1397 285 1465 mem
304 1377 411 1436 deseri:
435 1377 503 1456 quio
527 1373 837 1455 quospreesidiosuo
857 1375 952 1435 salvos
972 1373 1117 1435 adfinem
1136 1393 1227 1454 usque
1249 1376 1343 1436 dedu·
1389 1391 1390 1456 t

125 1489 162 1508 ·-
197 1461 245 1532 cit,
265 1457 380 1516 undem
399 1455 435 1516 ed
456 1475 486 1516 se
505 1455 606 1535 recipit
624 1455 785 1514 morientes.
810 1453 867 1514 llie
886 1474 961 1515 unns
981 1461 1024 1515 cst
1043 1473 1081 1515 ex
1092 1457 1252 1537 praecipuis
1261 1454 1342 1516 Scri·
1389 1471 1390 1514 t

197 1546 299 1620 pturae
318 1537 388 1596 locis
408 1533 445 1594 sd
469 1534 665 1616 corrigendum
688 1533 875 1604 diffidentiam
899 1535 1023 1594 maxime
1046 1535 1181 1594 idonens:
1209 1538 1342 1618 primum
1389 1565 1390 1614 p

197 1639 234 1678 ne
259 1636 290 1678 se
313 1617 454 1697 perversis
478 1617 553 1674 curis
578 1621 607 1678 et
630 1614 767 1686 molestiis
792 1614 867 1674 ultro
896 1615 1015 1674 modum
1040 1621 1194 1694 torqueant
1217 1615 1340 1676 fideles:
1389 1629 1390 1670 ι

198 1697 317 1770 deinde,
338 1715 374 1754 ne
394 1701 474 1754 metu
493 1694 589 1768 fracti,
609 1693 645 1754 ab
665 1693 761 1754 officio
781 1693 939 1767 discedunt,
959 1713 996 1754 ne
1016 1694 1053 1754 sd
1072 1695 1220 1775 cupienda
1238 1715 1337 1756 verns

198 1797 263 1858 spes
283 1783 313 1836 et
326 1775 444 1870 xlollacis
463 1773 588 1836 subsidio
608 1771 960 1914 ιίιίιιιιέιιῑιιΙῑΙΟιὴιιιιῑιιίΙ
972 1793 1008 1914 op
1030 1773 1334 1917 ¹⁸“lllbssflffi'

164 1985 166 1993 s
198 1857 671 2014 lttlttttttttttttt
695 1871 1222 2014 ⁰t¹t³tpt¹¹ttttrtttttt
1234 1875 1341 1996 sss}

199 2017 370 2076 tentationes
394 2015 489 2073 valere
513 2013 570 2074 hoo
594 2011 690 2087 dehet,
715 2013 794 2093 quod
814 2011 945 2072 Christus
965 2013 1089 2074 enimam
1110 2033 1192 2074 suam
1210 2018 1342 2076 moriens

198 2094 278 2156 Patri
296 2093 508 2166 commendans,
529 2111 627 2153 omues
646 2094 883 2153 suorumenimus
897 2093 1095 2153 custodiendos
1114 2098 1255 2178 suscepite
1273 2097 1341 2156 ideo

153 2165 161 2178 ’
199 2182 229 2236 et
248 2173 411 2270 Stephanus
430 2174 496 2234 Aci.
516 2173 545 2246 7,
566 2175 613 2235 59.
638 2191 706 2233 eom
724 2172 873 2252 custodem
891 2173 1022 2242 invocet,
1042 2171 1169 2235 Domine
1189 2177 1269 2250 lesu,
1293 2197 1342 2236 su-

198 2241 1074 2414 tttttlutseittmtt”altstete
1087 2254 1342 2418 altstete

38 2480 42 2491 Ι
129 2461 133 2469 ,
191 2417 284 2480 ritum
304 2420 417 2494 tempus
441 2413 557 2492 quidem
580 2413 610 2470 in
635 2412 764 2471 futurum
783 2420 971 2488 convertunt,
994 2414 1064 2474 mihi
1082 2435 1142 2476 nors
1163 2417 1280 2476 videtur
1296 2423 1342 2476 Ρι-
1389 2451 1390 2464 1

199 2496 278 2553 tione
297 2491 368 2566 lieri,
386 2509 440 2550 nee
460 2493 536 2551 enim
556 2490 734 2572 dubitoquin
756 2511 787 2550 se
806 2492 842 2552 od
852 2492 998 2560 fidendum
1018 2495 1124 2554 enimet
1134 2493 1244 2568 David,
1265 2517 1342 2577 qnae

199 2574 255 2712 iim
280 2574 631 2710 “t‘'tt‘tttttlt
648 2569 1344 2730 ltlttttttdmttt‘t'tff'ffltt

229 2671 263 2712 oc
282 2671 358 2711 eorm
483 2673 510 2710 vr
1025 2695 1034 2727 ‚

199 2733 302 2807 simus,
322 2729 387 2790 Deo
406 2731 495 2791 vitum
518 2739 645 2791 nostram
665 2732 726 2791 lore
746 2751 840 2806 curse,
859 2735 884 2792 si
903 2735 961 2794 iem
980 2736 1060 2814 prius
1083 2677 1344 2808 liherotol'erlsuster

199 2813 295 2874 fuerit.
334 2810 431 2891 Atque
456 2811 513 2871 huc
536 2805 658 2892 pertinet
682 2811 855 2892 epithetum,
879 2833 938 2895 quo
959 2813 1055 2875 Deum
1074 2817 1201 2896 insignit.
1242 2817 1342 2877 Deum

200 2894 276 2954 cniru
300 2909 430 2952 veracem
449 2892 498 2952 vel
522 2891 635 2952 lidelcm
655 2894 797 2964 nominet,
817 2894 884 2974 quia
904 2896 1026 2956 eundem
1044 2904 1186 2976 perpetuo
1207 2895 1342 2959 futurum

201 2973 313 3047 credet,
332 2971 425 3052 qualis
444 2977 526 3034 entes
546 2971 609 3044 fuit,
629 2974 669 3031 ito
689 2972 745 3031 hoc
764 2973 880 3032 vinculo
900 2977 1034 3054 precandi
1052 2973 1187 3044 fiduciam
1209 2984 1239 3036 et
1258 2999 1273 3037 s
1294 2998 1342 3038 em

198 3051 290 3112 futuri
309 3053 407 3110 ausilii
426 3071 493 3110 eum
513 3051 704 3133 superioribus
725 3050 866 3112 beneficiis
885 3057 1039 3129 connectit,
1063 3057 1121 3116 acsi
1141 3057 1260 3132 diceret,
1273 2999 1342 3117 hs

201 3135 292 3205 minc,
315 3138 348 3189 tu
372 3132 421 3210 qui
446 3131 544 3190 similis
568 3132 611 3190 tui
630 3151 743 3212 semper
761 3149 874 3209 menes,
897 3155 990 3214 neque
1010 3135 1159 3196 hominum
1179 3157 1264 3198 more
1282 3141 1344 3198 ani·

201 3231 281 3272 nrum
306 3217 412 3280 mutes,
436 3212 492 3270 ism
513 3212 625 3291 reipsa
649 3219 767 3272 testatus
787 3231 817 3272 es
836 3219 866 3273 te
886 3215 984 3274 salutis
1004 3227 1083 3276 mede
1103 3235 1166 3277 esee
1186 3219 1341 3292 vindicem,

200 3309 279 3350 nunc
298 3291 385 3369 igitur
403 3289 531 3349 inmane
550 3293 743 3367 iuuentutem,
763 3293 932 3353 cuinsiulsti
946 3303 1084 3371 servator,
1105 3297 1229 3378 depono.
1252 3297 1341 3376 Quod

201 3369 299 3429 David
319 3369 365 3428 hio
385 3368 539 3430 deterrens
558 3371 616 3429 vito
638 3373 811 3452 pronuntiet,
821 3372 928 3434 Poulus
947 3375 1059 3436 etim.
1077 3381 1104 3451 l,
1124 3383 1173 3438 12.
1195 3379 1230 3436 od
1252 3385 1341 3438 aeter·

201 3468 269 3510 nem
289 3449 410 3510 salutem
431 3449 571 3524 transferi,
590 3447 675 3525 Novi,
695 3453 723 3511 in
746 3453 797 3528 uit,
822 3454 869 3514 cui
888 3455 1063 3528 crediderim,
1087 3463 1117 3516 et
1137 3457 1217 3538 quod
1237 3467 1341 3538 potens

202 3531 238 3588 sit
264 3529 300 3590 ed
323 3529 496 3589 servandum
520 3530 688 3610 depositum.
726 3473 766 3592 ht
790 3551 858 3594 sone
878 3555 967 3614 quum
987 3555 1025 3594 ex
1044 3536 1212 3601 liberatione
1231 3545 1341 3620 ternpo-

202 3609 255 3668 ruli
273 3607 369 3668 Devid
389 3615 501 3669 mutum
526 3611 689 3691 conceperit
711 3609 845 3686 fiduciae,
870 3615 1023 3753 plusquam
1046 3615 1163 3696 maligni
1187 3626 1219 3678 et
1237 3620 1342 3699 ingenti

200 3705 311 3761 sumus,
336 3689 390 3747 nisi
411 3698 511 3749 contro
541 3709 638 3750 omnes
663 3689 786 3752 Satanae
809 3711 873 3753 msc
895 3695 955 3756 inas
979 3697 1084 3757 invicta
1107 3697 1278 3759 tortitudine
1300 3700 1342 3758 in-

73 3768 101 3805 ‘·
204 3769 290 3828 struit
309 3767 467 3854 redemptio
488 3769 594 3830 Christi
613 3774 749 3852 sanguine
768 3780 858 3854 parta.

123 3915 127 3928 ¹
269 3849 311 3909 ’6.
335 3851 412 3907 Odto
430 3851 527 3911 ludet.
569 3849 638 3928 Quo
658 3852 759 3912 melius
778 3855 929 3934 exprimet,
948 3853 1034 3916 tidem
1053 3875 1135 3915 snam
1155 3857 1184 3915 in
1205 3855 1274 3917 Deo
1293 3875 1342 3938 pe·

202 3929 279 3988 nitus
300 3925 423 3988 deliram
443 3947 514 4002 esse,
533 3931 642 3991 vitiosis
662 3932 818 4008 effectibus,
838 3937 887 4014 qui
911 3943 1022 3996 meotes
1042 3944 1153 3996 nostras
1174 3943 1306 3997 semime
1326 3955 1344 3996 a

120 4037 135 4046 a
203 4006 268 4067 Deo
293 4008 399 4082 solent,
424 4015 453 4068 et
500 4007 581 4070 uibus
606 4019 639 4070 ut
665 4013 819 4091 plurimum
843 4013 975 4076 laborant
990 4015 1149 4090 ¹increduli,
1180 4035 1287 4098 purum
1313 4035 1345 4076 se

202 4088 290 4147 luisse
309 4085 449 4148 affirmet*
494 4108 539 4147 em
559 4094 766 4152 contrariorum
785 4093 934 4155 antithesis
954 4098 1000 4175 (ut
1019 4097 1137 4174 scimus)
1158 4115 1220 4156 rem
1240 4096 1345 4156 melius

203 4167 334 4226 illustret
381 4166 530 4242 Ceterum,
555 4187 660 4230 nomen
681 4164 764 4242 ’ἿΞΠ
785 4173 820 4234 ed
840 4177 964 4255 magicos
983 4183 1059 4238 ortes
1083 4166 1215 4258 restrshgi
1235 4179 1285 4254 (nt
1302 4177 1344 4236 is·

203 4247 284 4306 ciunt
303 4247 418 4325 quidem
437 4249 621 4328 interpretes)
642 4251 796 4312 absurdum
816 4261 867 4313 est.
908 4253 1011 4316 Fateor
1030 4256 1144 4338 quidem
1165 4256 1273 4318 totihus
1291 4259 1342 4316 im·

136 4385 140 4394 ,
202 4327 328 4404 postoris
348 4328 431 4388 valde
449 4329 577 4388 uddietos
596 4329 683 4392 luisse
703 4330 873 4411 Orientales‚
894 4341 927 4395 ut
945 4337 1064 4418 vulgare
1087 4337 1162 4395 inter
1186 4355 1237 4396 eos
1259 4337 1343 4397 tuerit

203 4402 325 4462 melum:
346 4406 396 4466 sed
420 4427 511 4488 quum
535 4403 692 4474 intlummis
715 4411 872 4492 fraudibus,
897 4415 1046 4478 hominum
1070 4420 1181 4478 mentes
1206 4416 1344 4498 illaqueet

568 4657 755 4722 ‚p‘
