2836 4886
498 285 541 324 ra
570 273 730 334 aarum·
758 285 841 324 lant·
1188 287 1240 342 til

67 410 166 472 siriiis
197 405 570 489 indignanationem
596 405 737 476 sihiesse
761 406 851 471 instar
874 404 930 468 eibi
949 412 978 469 el
1037 414 1100 480 tna,
1118 413 1153 468 ut
1171 407 1241 468 illuc
1278 461 1282 470 ,

69 490 201 552 teratur
224 507 276 550 sua
298 489 417 550 asanaa
457 485 546 568 Quod
571 488 683 551 animae
707 487 800 562 sitim,
823 487 901 548 carui
925 485 1000 548 lame
1051 486 1159 560 tribua,
1178 508 1240 550 nou

71 569 176 632 debet
198 569 366 649 scrupulose
384 569 474 650 accipi
487 569 681 648 istapartitio:
702 568 769 648 quia
788 566 954 648 simpliciter
962 566 1135 646 intelligitse
1144 569 1239 628 anima
1280 631 1284 640 ,

72 657 110 710 et
134 667 230 711 carae
249 646 345 708 Demo
365 655 510 730 appetere.
551 645 692 726 Quamvis
711 647 787 708 enim
806 646 887 708 nullo
906 647 1035 727 appetitu
1054 666 1106 728 per
1125 666 1156 708 sa
1175 667 1239 708 mo-

74 735 175 792 vetur
197 747 232 790 co
266 747 313 868 ps,
328 730 518 867 gamen-satis
537 733 650 802 constat
669 727 781 790 animae
806 727 925 792 affectas
949 725 1019 796 illuc
1041 746 1134 807 nsque
1153 746 1238 808 peue-

73 815 165 870 lrare
187 814 217 870 el
258 809 326 870 'uu
347 810 365 870 i.

169 889 203 952 3»
222 892 277 950 Sin
293 895 328 950 ia
347 894 540 954 aenaeam.
580 886 741 950 Confirmat
760 886 839 968 quod
858 907 951 968 nuper
970 886 1059 968 elligi,
1084 905 1125 958 se,
1145 905 1236 964 quum

75 968 110 1028 in
134 967 256 1032 deserto
279 971 377 1032 raam
396 971 525 1032 omnium
544 969 628 1050 ineps
648 974 758 1048 ageret,
781 985 931 1048 nunqnam
950 973 1047 1028 tamen
1067 964 1123 1024 Dei
1147 965 1237 1028 faisse

77 1047 224 1112 oblitum.
264 1045 339 1110 Nam
363 1049 519 1130 particulae
537 1047 597 1122 Sic,
621 1067 680 1116 aon
705 1047 769 1110 lere
793 1049 908 1132 pondus
931 1048 1020 1108 inest:
1040 1047 1098 1106 aeri
1119 1044 1235 1118 diceret,

77 1123 236 1206 Quamvis
255 1129 285 1190 in
305 1127 360 1188 isac
379 1128 533 1192 solitudine
551 1128 624 1190 nillil
644 1130 699 1188 nisi
718 1128 798 1188 triste
823 1135 852 1188 et
870 1126 1018 1188 horridum
1037 1131 1183 1222 appareat,
1202 1131 1236 1184 ut

75 1209 148 1290 ipsa
177 1207 235 1270 loei
258 1209 395 1288 asperitas
421 1209 511 1304 possit
536 1207 722 1271 obtenebrare
747 1207 858 1270 oculos:
884 1225 938 1288 ego
958 1214 1055 1266 tamen
1074 1225 1105 1265 ιιι
1124 1205 1233 1285 gloriae

78 1295 111 1348 et
135 1289 256 1348 virtutis
273 1295 341 1350 tuae
360 1289 466 1366 intarta
485 1307 682 1363 mammeae,
740 1288 819 1348 rinde
835 1289 893 1348 acsi
902 1291 933 1347 in
942 1285 1112 1348 &actuario
1132 1303 1233 1346 essem.

79 1365 239 1445 Quamdiu
264 1367 386 1430 libemm
406 1368 500 1430 iuerat
520 1367 624 1430 [laridi
644 1369 674 1428 in
716 1369 895 1428 sanctuarium
914 1366 1003 1442 adire,
1021 1365 1131 1426 cultum
1151 1363 1232 1425 illum

79 1447 212 1527 legalem
232 1449 347 1511 minium
366 1449 546 1530 neglexeram
566 1449 634 1529 quia
653 1448 759 1510 sciehat
784 1447 888 1510 talibm
907 1446 1077 1508 adiumentis
1095 1443 1151 1504 sili
1170 1461 1233 1506 esse

80 1546 172 1608 opus.
213 1524 299 1589 Nunc
319 1527 367 1588 ubi
387 1527 555 1608 prohibetur
573 1527 610 1590 ab
630 1546 754 1604 aemssm
778 1535 903 1588 mentem
928 1545 1010 1588 snam
1031 1524 1155 1585 ostendit
1173 1543 1234 1584 non
1261 1579 1264 1584 .

79 1625 150 1667 esse
158 1607 286 1670 externis
294 1607 436 1686 symbolis
456 1607 587 1670 allisam:
608 1610 674 1688 quia
694 1609 723 1668 in
744 1608 883 1688 spirituali
894 1606 951 1668 Dei
971 1605 1107 1686 adspectu
1127 1602 1231 1664 nihilo·
1350 1643 1353 1652 ‚

55 1687 184 1748 *minus
204 1705 236 1746 se
255 1686 388 1751 allectat.
429 1685 468 1748 Et
491 1688 577 1748 simul
601 1690 687 1750 etiarn
706 1707 739 1746 re
763 1689 825 1768 ipsa
850 1687 1027 1749 demonstret
1050 1681 1231 1764 quambene

79 1765 296 1846 proiecerit.in
321 1765 377 1826 illis
402 1767 513 1848 pietatis
537 1767 683 1830 uerritiia,
704 1786 779 1848 quae
798 1765 942 1830 Dominus
966 1766 996 1826 in
1014 1763 1091 1844 Lege
1115 1763 1230 1850 manda·

81 1849 178 1904 verat.
199 1842 297 1910 Crassi
315 1851 345 1906 et
363 1847 553 1926 superstitiosi
572 1847 712 1922 homines,
732 1847 897 1926 quantisper
916 1853 981 1910 ante
993 1845 1093 1906 oculos
1113 1859 1228 1906 uersan-

82 1930 136 1986 tur
155 1925 344 1998 ceremoniae,
369 1926 503 1986 videntur
526 1927 580 1986 aeli
606 1927 707 1988 ardore
726 1928 756 1988 in
776 1925 889 1988 coelum
910 1925 990 1986 terri:
1015 1924 1064 1986 sed
1085 1941 1143 1984 una
1163 1941 1229 2014 cum

82 2002 243 2098 spectaculi
267 2003 360 2098 daura
379 2005 477 2100 statim
496 2005 601 2100 'diiii
621 2007 676 2068 illis
695 2007 848 2068 evanescit.
888 2003 992 2099 David·
1004 2010 1112 2097 autema·
1130 2020 1230 2081 quam·

82 2101 230 2224 :litut
246 2089 433 2259 luttizi
446 2091 861 2262 thathumeri,
874 2087 1230 2260 titillatam}

85 2243 1138 2404 ”⁰titttttfflttte'tttt”ttettltthtrtttttt“titt
1155 2248 1230 2395 {tt

84 2341 257 2497 1ιῖἓιειιιιςιιιιι
275 2405 303 2464 ei
321 2401 505 2470 obvertemus
518 2403 639 2468 simulac
649 2405 781 2468 visibiles·
792 2401 904 2486 figurae
912 2403 1117 2492 nohisplrlatae
1135 2407 1229 2461 erunt.

85 2481 137 2576 Sic
155 2487 217 2544 tota
242 2482 303 2546 vita
321 2483 469 2578 sp'uitade
491 2484 638 2546 lavacrum
659 2485 737 2579 qnod
761 2485 850 2548 semel
870 2483 1002 2580 Christus
1022 2483 1104 2544 nobis
1123 2483 1154 2543 in
1174 2480 1227 2560 lia·

85 2567 192 2642 ΡΜ
216 2561 538 2706 tramittit
553 2565 660 2706 itii
682 2561 1002 2706 {tilithi
1021 2567 1229 2702 :tilttt

85 2655 228 2780 henim
247 2717 363 2782 (leenae
388 2723 515 2797 aetiam,
539 2723 589 2784 sod
611 2739 725 2804 semper
749 2743 899 2784 occurere
922 2722 1005 2782 nobis
1028 2721 1121 2780 debet.
1163 2719 1227 2814 lurp

87 2800 169 2880 siqua
193 2800 237 2860 ris
260 2801 410 2880 tyrannica
435 2819 546 2863 meram
566 2802 694 2864 Coeum
718 2810 749 2866 et
778 2803 834 2864 alia
858 2802 970 2883 pietatis
995 2799 1120 2862 subsidia
1144 2799 1227 2863 notus

88 2877 290 2960 torte-eripiat,
308 2881 469 2942 carendum
488 2887 584 2942 tamen
602 2888 649 2942 est
665 2902 703 2942 ne
717 2901 885 2962 seunquam
900 2882 1004 2945 mentis
1018 2887 1133 2942 nostrae
1152 2877 1228 2940 oculi

88 2955 188 3020 allec
206 2966 346 3055 avertant.
386 2958 487 3039 Quum
507 2959 576 3022 dicit
594 2981 626 3020 se
635 2970 803 3043 conspicere
821 2971 919 3044 ipsam
938 2963 980 3022 od
997 2961 1162 3032 uidendam,
1178 2979 1227 3054 ,se-

90 3037 193 3180 iiim
202 3046 505 3202 ppffloprerpppppaol'
514 3055 572 3184 sitm
566 3041 797 3182 risitiiwoliiiurisii1
798 3041 859 3182 ‘iiii
867 3041 1031 3203 ¹²giris-iride?
1034 3039 1226 3200 αιιίιιῧῑιιιεῗεῗιήιιιῖ
1314 3163 1322 3170 .

90 3217 153 3260 mm
165 3199 787 3364 viiutj‘aiirinmilh'hiwciehisriteihiggharquaur
807 3300 909 3344 eorum
925 3282 1093 3343 sententiam
1109 3299 1167 3340 noa
1183 3255 1225 3338 re·
1262 3327 1266 3340 ,

14 3387 15 3420 r
90 3357 174 3442 padio
233 3361 243 3419 i
262 3381 323 3424 unc
340 3365 478 3422 contenta
496 3361 597 3446 legunt
614 3360 693 3422 hunc
712 3381 836 3434 versum,
856 3365 934 3442 prius
949 3369 1046 3435 tamen
1054 3359 1225 3432 membrum,

14 3481 15 3488 ι
90 3457 154 3500 meo
169 3437 199 3500 lu
221 3440 286 3512 icio,
305 3459 372 3501 cnm
392 3441 540 3521 superiore
559 3457 645 3502 versu
665 3443 759 3522 aptius
784 3442 927 3503 cohaeret.
966 3441 1037 3503 ltlihi
1061 3442 1138 3502 enim
1157 3459 1225 3500 ean·

14 3557 16 3572 ·
89 3537 149 3580 sam
175 3519 294 3580 reddere
312 3519 427 3582 videtur
444 3518 614 3582 Davidem
632 3527 782 3600 tantopere
802 3519 867 3582 Deo
892 3522 977 3582 luerit
1000 3522 1138 3582 addictae
1179 3519 1224 3582 Ac

14 3639 17 3656 .
92 3599 178 3681 primo
201 3599 320 3680 quidem
341 3600 499 3662 notandum
519 3607 572 3674 est,
598 3601 654 3662 sub
673 3610 752 3662 vitoe
770 3602 886 3664 nomine
907 3601 1110 3682 comprehendi
1129 3601 1223 3662 media

14 3711 18 3750 l

14 3789 29 4476 “Q-—--==d—-—*

54 3705 64 3722 ι
93 3681 180 3742 omnia
219 3678 302 3740 uibus
327 3687 434 3742 statum
453 3701 537 3742 suum
556 3688 675 3744 tuentur
700 3681 838 3743 homines.
881 3679 1030 3759 Quamdiu
1049 3683 1125 3742 enim
1145 3681 1251 3740 ride·-

95 3765 152 3822 tmu
173 3761 253 3822 nois
279 3759 369 3842 probe
393 3762 511 3836 moniti,
534 3763 566 3824 in
589 3770 715 3824 nsenmnr
737 3781 798 3824 uon
823 3763 902 3824 venit
925 3761 963 3824 ad
982 3761 1040 3824 Dei
1063 3763 1222 3822 misericor·

92 3839 163 3902 diam
180 3837 342 3923 coningere.
382 3839 517 3924 Denique
541 3849 673 3906 romain
696 3861 773 3918 essa,
798 3849 831 3904 at
853 3843 895 3904 ita
920 3843 1039 3923 loquar,
1078 3841 1223 3920 eretriagit

97 3917 168 3978 nobis
186 3919 293 3996 oeulos,
312 3942 350 3988 ne
370 3941 519 3986 cernamus
539 3921 667 3988 solaDei
686 3924 776 4006 gralia
796 3943 849 3983 nos
864 3923 1024 3985 subsistere.
1055 3863 1133 3998 ὃιιίι
1153 3939 1222 4000 ergo

97 3999 201 4058 terrenis
221 3999 352 4065 subsidiis
371 4003 490 4078 suffulti,
515 4001 612 4064 Deam
631 4004 690 4064 lere
709 4003 912 4078 obliviscimur,
932 4001 979 4063 llic
999 4005 1097 4062 asserit
1117 3997 1222 4074 David,
1343 4014 1350 4041 ι

97 4075 186 4139 melius
204 4077 286 4140 nobis
304 4101 367 4144 erae
384 4085 417 4145 in
434 4085 610 4224 ip‘apaemome
628 4083 734 4146 subniti
752 4083 810 4144 Dei
833 4083 1042 4156 misericordia,
1099 4099 1164 4140 uam
1190 4079 1230 4152 in,

98 4155 164 4216 ritae
180 4163 342 4238 apparentia
360 4161 437 4224 conti
545 4161 683 4244 Frigidius
702 4184 738 4232 ac
757 4164 873 4230 dilutius
887 4164 935 4226 alii
954 4169 1113 4246 exprimat,
1133 4163 1222 4219 vitam

98 4242 225 4310 noemam,
290 4241 380 4301 amris
398 4243 524 4338 pretiosa
549 4245 596 4318 sit,
619 4245 755 4326 postponi
775 4239 832 4304 Dei
855 4239 1077 4306 misericordiae:
1102 4241 1160 4300 acsi
1181 4239 1221 4298 di·

99 4319 266 4390 arneomai
286 4339 319 4380 us
339 4319 420 4382 bono
439 4321 496 4388 troc
516 4341 606 4384 onum
630 4327 733 4386 merito
758 4323 902 4406 praeferri,
928 4341 1019 4404 quum
1039 4319 1119 4382 Dens
1139 4321 1222 4380 notris

98 4401 136 4457 est
151 4397 292 4480 pmpitiaa.
332 4399 423 4482 Atqui
441 4403 629 4471 asamdaesr
646 4403 796 4466 antithesis
816 4406 891 4484 inter
909 4403 1082 4464 ineolumem
1106 4409 1222 4474 statum,
