2726 4888
183 231 298 324 ,4ςῖ
438 299 442 314 .
658 260 947 314 ucacvruus
1001 229 1026 268 ‘⁶

233 389 398 473 opnnmm
416 393 542 462 amnne
562 407 650 472 qum
669 388 777 467 nsua
796 391 917 470 eremus
937 399 968 454 a
984 367 1175 476 possessu
1190 400 1300 468 mna

228 479 336 552 troque
359 470 496 528 fluentem
520 469 580 527 sine
605 467 728 549 impetu,
754 491 842 551 quam
867 471 974 536 Galtioe
997 494 1134 534 vocamus
1153 457 1322 558 plepeaast1

233 555 328 614 aare:
346 549 441 609 nescio
462 567 498 608 au
518 551 677 608 conveniat.
716 547 793 611 Sunt
812 553 897 611 etiam
918 553 967 632 qui
990 551 1099 636 largam
1119 561 1147 613 ct
1165 555 1254 619 uberem
1267 567 1322 642 pte

163 704 168 710 ι
231 635 309 692 mam
325 631 563 710 interpretantur.
608 627 667 688 Sed
689 631 748 690 iam
798 631 848 690 uid
875 631 946 691 milri
968 635 1060 712 magis
1085 633 1213 713 placeret,
1230 645 1304 704 arnt

231 709 418 772 Liberalitatis
438 727 470 767 er
488 728 506 767 o
527 726 595 768 snae
615 709 726 789 siguum
745 651 875 770 exbibete
894 709 986 786 Deus,
1002 721 1111 774 terram
1129 711 1322 801 opportuneptnst

232 792 280 852 via
305 790 433 884 irrigaus.
501 806 535 846 ec
559 785 657 848 dubito
682 789 750 868 quin
774 789 811 848 ad
835 787 954 852 Iudaeae
977 793 1066 851 situm
1095 798 1242 872 respexerit,
1260 806 1307 862 mn

230 869 408 932 foecunditas
423 873 489 934 ,erat
508 885 525 928 a
545 887 610 928 rore
629 868 676 928 vel
693 869 793 950 pluvia
812 869 935 932 coelesti.
968 869 1080 932 Eadem
1099 873 1202 932 ratione
1216 875 1263 936 dicit
1275 883 1307 941 tm

232 949 520 1032 eitudtae.effoetom
539 949 633 1026 refici.
671 946 797 1012 Additur
816 951 898 1024 ratio,
925 949 992 1031 quia
1012 951 1094 1010 illam
1107 947 1185 1012 Deus
1201 953 1267 1016 decta
1280 981 1308 1038 pn

231 1029 302 1113 pulo
323 1025 509 1090 habitandam
534 1023 654 1089 dederit:
678 1027 737 1088 acsi
761 1029 880 1104 diceret,
899 1027 1049 1094 Namatio
1076 1049 1122 1090 res
1157 1037 1202 1090 ctu
1217 1035 1309 1096 sichem

232 1109 303 1184 dici,
326 1109 381 1170 uisi
406 1107 473 1187 quia
502 1123 614 1168 sacmm
644 1115 688 1167 est
712 1103 856 1170 Ecclesiae
886 1108 1073 1170 domicilium.
1140 1129 1230 1190 cono
1248 1118 1308 1176 netu

232 1189 308 1252 banc
326 1183 541 1262 beneficentiam
561 1193 716 1282 a5nosceut
734 1185 840 1262 ludaei,
866 1195 1013 1270 comparat
1032 1209 1085 1249 eos
1103 1191 1236 1270 semetra
1249 1197 1310 1272 quib

235 1269 312 1331 diem
326 1267 451 1344 aluntur.
470 1261 532 1326 Etsi
549 1286 627 1328 emm
634 1265 760 1344 leutcad
767 1269 924 1328 satietatem
934 1265 1035 1350 usque'
1046 1269 1132 1349 adipe
1149 1268 1310 1348 frumentini

232 1349 330 1431 copia,
355 1345 492 1407 melleet
516 1345 580 1408 oleo
604 1345 739 1427 pascebat
762 1367 812 1408 eos
837 1345 929 1424 Dens,
954 1350 994 1408 sic
1021 1354 1122 1408 tamen
1146 1351 1247 1430 gutiam
1263 1374 1310 1412 snm

232 1427 410 1510 temperavit,
430 1432 463 1486 ut
483 1446 500 1486 a
519 1447 549 1485 se
561 1447 618 1486 uuo
629 1426 763 1520 penderet
772 1446 873 1487 corum
882 1429 1069 1508 exspectatio.
1101 1413 1186 1507 Quod
1203 1429 1309 1500 utimr:

233 1529 287 1590 pro
308 1507 424 1587 copioso
450 1505 529 1566 victu
553 1506 710 1585 accipiunt,
734 1507 787 1565 etri
806 1527 864 1569 nou
884 1505 995 1583 refelle,
1022 1507 1122 1589 potius
1145 1513 1228 1568 tamen
1246 1511 1309 1568 inclino

40 1681 41 1688 ἵ
194 1660 204 1694 Ι
231 1583 426 1728 ξιιᾷᾱίιιιιιιιιιιει
445 1604 570 1726 scorteum,
590 1583 1134 1728 D⁰ii¹¹⁰⁰n²ii⁰ff¹mb⁸⁹⁸fioenfi³⁰
1151 1607 1213 1650 suae
1227 1599 1309 1670 respect

40 1683 59 1752 p
231 1689 262 1730 m
284 1685 378 1744 uc1‚u
427 1685 477 1732 urs,
502 1685 775 1748 empromecous
807 1685 823 1726 a

323 1867 375 1934 tt.
399 1864 559 1933 Dominus
581 1863 670 1932 debit
697 1881 877 1936 sennonem
907 1868 1185 1936 annuntiatricibus
1208 1869 1307 1936 ereum

223 1973 346 2066 magni.
394 1970 445 2040 13.
469 1971 571 2064 Reges
599 1960 795 2040 exercituum
823 1961 953 2066 fugient,
980 1971 1119 2068 fugiente
1145 1985 1176 2041 et
1200 1973 1305 2042 inliniri

180 2123 186 2130 -
227 2081 350 2148 'domus
371 2079 489 2146 dividet
515 2077 626 2170 spolia.
672 2072 724 2144 14.
746 2077 784 2146 Si
813 2078 939 2154 mcertis
959 2081 1042 2148 iuter
1065 2079 1156 2162 ollas,
1175 2102 1304 2169 monaco

231 2185 358 2252 lumbae
386 2194 514 2276 opertae
541 2193 686 2280 argento,
720 2195 753 2251 et
779 2170 964 2276 posteriora.
981 2184 1052 2252 eius
1080 2185 1114 2252 iu
1146 2183 1250 2275 pallore
1267 2183 1300 2247 eni

167 2297 172 2304 “
237 2293 291 2378 15.
315 2289 428 2376 ¹Quum
459 2275 623 2380 dissiparet
653 2281 996 2384 OmnipotensRe'ges
1023 2289 1058 2357 in
1081 2314 1129 2378 ea,
1145 2287 1295 2380 dealbabit

229 2396 374 2470 Samon.
800 2447 803 2454 .
880 2448 882 2460 ,

312 2544 360 2604 12.
390 2541 540 2600 Dominus
570 2539 658 2602 dabit.
703 2539 759 2602 Hic
790 2541 851 2600 iam
883 2539 1017 2605 victorias
1052 2539 1225 2608 commendat
1246 2535 1322 2606 barb

232 2620 336 2703 quibus
356 2617 438 2680 Deus
457 2621 593 2680 virtutem
612 2641 693 2680 suam
713 2623 741 2680 in
762 2620 866 2681 tuenda
924 2621 985 2702 puli
1009 2620 1104 2682 salute
1122 2620 1248 2702 praeclare
1260 2623 1322 2674 erto.

231 2703 313 2764 leret.
354 2695 455 2778 Quum
473 2719 543 2762 vero
562 2702 625 2781 ipse
642 2701 799 2782 profligatis
818 2699 893 2762 boeti
914 2719 947 2760 us
966 2708 1073 2766 terram
1094 2705 1226 2781 parasset,
1240 2716 1262 2755 ae
1273 2715 1303 2751 an

178 2844 180 2852 ,
226 2782 356 2863 ,pliasset
378 2779 457 2860 regui
481 2781 632 2854 terminos,
660 2781 788 2847 omnium
817 2787 1050 2860 stratagematum
1079 2780 1191 2840 laudem
1211 2779 1233 2836 in
1250 2773 1305 2832 lluu

233 2857 418 2924 messoribit.
458 2855 532 2920 Nam
552 2857 723 2942 parlesDei
743 2879 963 2936 cessassemus,
984 2876 1100 2920 carmen
1120 2859 1165 2919 vel
1183 2855 1322 2940 pueronim.

197 2973 201 2982 ·
231 2939 405 3021 triumphale
424 2937 500 3014 dere,
519 2959 671 3022 prosperos
691 2936 757 3000 belli
776 2945 894 3000 eventus
913 2939 943 3001 iu
962 2941 1023 3000 eius
1037 2957 1128 3000 mann
1142 2933 1305 3010 esseleeigm

231 3023 324 3084 docel.
363 3017 455 3078 Porro
485 3028 718 3082 annuntiatrices
746 3027 890 3080 exercitus
920 3017 1000 3094 dicii,
1032 3021 1101 3094 ¹uia
1129 3023 1251 3099 receptum
1271 3017 1304 3070 tul

233 3106 347 3162 vetusto
368 3118 457 3172 more,
476 3099 596 3180 epinicia
615 3101 678 3159 cani
698 3118 715 3158 a
734 3097 910 3158 mulieribus:
934 3097 1017 3160 sicuti
1030 3040 1154 3160 bustam
1176 3117 1241 3156 soror
1254 3091 1322 3150 llari¹

233 3201 300 3242 cum
325 3180 475 3240 mulierum
500 3179 589 3240 choro
613 3177 670 3240 Dei
693 3175 791 3238 laudes
820 3177 857 3238 ad
881 3185 1053 3260 tympanum
1084 3177 1233 3248 celebrarit,
1250 3169 1303 3229 tid

233 3263 282 3334 15.
306 3263 354 3322 20.
379 3265 408 3319 et
431 3258 564 3320 mulieres
593 3259 678 3318 etiam
705 3255 888 3318 citlraristriae
912 3255 1033 3319 Davidis
1054 3257 1222 3339 triumphum
1239 3253 1302 3338 cedre

232 3347 301 3400 runt
320 3339 414 3400 occiso
436 3337 565 3414 Goliath,
589 3341 741 3418 stratisque
760 3334 931 3412 philistinis,
960 3343 987 3401 1.
1008 3335 1089 3397 Sam.
1116 3341 1162 3410 18,
1185 3337 1208 3398 6.
1238 3331 1302 3390 &tlt

232 3425 328 3480 tamen
348 3418 477 3492 nomine,
501 3425 592 3478 utun
614 3437 645 3478 er
665 3419 738 3492 dixi,
757 3417 896 3500 significat
914 3415 1010 3478 David
1034 3419 1149 3478 nonnisi
1166 3415 1197 3476 ab
1213 3407 1301 3496 enodet

254 3497 376 3558 reficisci
399 3499 540 3558 victorias.
581 3439 755 3579 &nmquam
779 3497 864 3556 simul
883 3487 970 3558 oflicii
988 3495 1124 3558 admouet
1141 3496 1224 3556 fideles
1238 3497 1260 3550 nt
1272 3487 1301 3544 lle

231 3519 368 3638 beneficti
394 3597 450 3658 qua
479 3577 561 3637 decet
585 3577 755 3659 gratitudine
779 3575 949 3658 praedicent.
994 3575 1133 3638 Proximo
1161 3593 1230 3634 versu
1248 3569 1300 3631 leot,

255 3655 388 3716 uamlibct
407 3657 516 3737 magnis
536 3663 564 3716 ct
583 3657 683 3717 validis
703 3657 792 3738 copiis
812 3655 940 3717 instructi
959 3657 1108 3737 prosiliant
1131 3655 1214 3716 hostes
1228 3648 1254 3708 ad
1266 3663 1299 3726 pe·

232 3679 354 3796 flendam
372 3731 539 3810 Ecclesiam,
558 3737 725 3819 dissipatum
746 3744 840 3797 tamen
859 3737 902 3798 iri.
944 3739 989 3801 Ac
1013 3729 1300 3819 videtnr'muliebreuctu

220 3819 322 3877 'ticum
346 3815 465 3876 referre:
491 3817 620 3895 quamvis
645 3817 674 3876 in
698 3817 758 3876 eius
783 3836 904 3900 persona
933 3835 991 3876 uon
1016 3816 1200 3876 minus'rccte
1220 3819 1298 3884 scopet

230 3895 324 3958 liceat.
363 3893 443 3954 Haec
467 3915 535 3956 vero
559 3897 770 3956 circumstantia
791 3916 851 3958 uon
876 3917 977 3978 parum
1007 3893 1129 3956 illustrat
1145 3893 1200 3952 'Dei
1219 3888 1298 3982 petitu

231 3975 311 4114 pund
331 3973 419 4112 lupuli
439 3973 495 4033 sint
535 3975 700 4034 otentissimi
721 3973 828 4057 Reges,
854 3996 978 4056 quorum
1002 3973 1108 4034 viribus
1131 3975 1205 4052 longe
1222 3975 1297 4044 impert
1321 3999 1322 4016 ι

246 4076 264 4114 n

386 4053 475 4114 udaei.
544 4052 599 4113 nde
619 4055 695 4114 enim
715 4054 822 4114 factum
842 4063 885 4114 est
904 4063 937 4114 ut
956 4072 1015 4115 non
1033 4057 1118 4114 modo
1137 4051 1199 4112 initi
1214 4049 1296 4106 diaes*

232 4135 300 4208 rint,
319 4131 369 4192 sed
389 4134 473 4194 etiam
493 4131 522 4194 in
542 4132 726 4214 longinquam
747 4133 843 4214 fugam
864 4133 990 4215 dispulsi‚
1011 4128 1296 4216 quibusintuendo·
1321 4129 1322 4170 t

230 4231 294 4274 ram
314 4211 435 4273 obrucre
454 4215 512 4272 suis
532 4213 648 4288 viribus,
672 4215 726 4273 uisi
750 4217 817 4292 quja
837 4213 1017 4274 defensorem
1041 4233 1072 4275 se
1095 4212 1185 4295 populi
1204 4199 1293 4266 snitu

231 4289 397 4352 mirabiliter
415 4291 568 4385 opposuit?
591 4291 629 4352 Et
641 4279 787 4376 fuglenda·
812 4293 931 4354 verbum
950 4291 994 4353 bie
1013 4300 1136 4376 repetere
1153 4287 1244 4352 videtne
1257 4291 1294 4356 qna

154 4455 161 4468 ι
232 4369 345 4455 saepias
368 4367 496 4432 bostrum
518 4373 642 4456 impetus
666 4373 782 4434 coelesti
805 4374 911 4440 auxilio
936 4373 1050 4436 fueraut
1076 4369 1178 4456 repulsi
1208 4357 1293 4428 pasta

266 4055 351 4114 issent
