2726 4888
503 276 811 330 turstenus.
900 287 905 302 ·
1057 319 1065 332 .
1162 275 1215 332 455

60 401 153 458 adeo
173 398 303 478 quartat
342 397 447 472 Fateor
467 397 597 478 quidem,
621 404 776 480 eumaem
796 417 884 478 regno
901 399 939 460 sit
959 399 1095 480 potitos,·
1109 399 1217 462 duriter

61 479 168 545 fuine
192 477 360 558 probatum:
391 477 441 538 sed
466 499 556 558 quum
583 498 614 538 se
639 479 693 541 toti
718 477 827 558 populo
851 477 999 558 adiungat,
1028 499 1064 539 ac
1088 479 1216 560 deploret

58 577 245 618 communes
265 559 392 618 omuiunr
414 559 550 630 misertas,
571 557 640 618 mibi
661 579 721 618 nou
740 557 856 618 dubium
876 565 919 622 est
940 559 1009 638 quin
1030 579 1081 640 per
1100 578 1213 654 compo·
1257 599 1262 608 ·

60 640 220 698 rationem
243 637 367 700 illustret
391 639 510 717 gratiam
533 635 602 711 uei„
631 657 706 716 quae
730 639 826 698 statius
848 637 885 698 ab
910 639 1032 706 exordio,
1053 640 1134 719 regni
1153 658 1214 700 erue

56 738 157 781 novo
181 715 268 780 nodo
292 715 434 788 iturust
475 715 536 781 lIoc
561 718 648 796 igitur
668 717 776 781 ratione
798 717 927 798 deplorat
946 737 1046 798 gnaros
1066 727 1097 778 et
1114 719 1213 800 longas

59 797 269 870 calamitates,
293 795 396 878 quibus
416 797 630 879 propeultlieta
651 797 743 857 luerat
762 795 886 858 Ecclesia
905 797 959 863 sub
979 797 1075 858 Saule.
1115 797 1214 877 Atque

59 875 139 940 laec.
157 884 260 942 notatu
284 876 403 958 ᾶὶμιιιιι
426 884 484 948 est,
514 897 604 958 quom
624 878 742 958 gentiles
763 897 829 938 snos
849 879 1017 940 accerrimae
1036 883 1065 936 et
1084 877 1211 939 saevissi-

58 975 142 1020 mos
165 959 297 1019 sensisset
322 957 432 1031 bostes3
463 955 511 1022 ubi
535 977 614 1020 nunc
639 957 712 1020 uilio
738 959 844 1036 potitos
869 964 926 1030 est,
955 957 1082 1020 oblivisci
1113 976 1212 1016 omues

57 1037 191 1098 illorum
211 1037 335 1108 iniurias,
354 1039 421 1118 quia
441 1056 510 1112 suae
525 1039 679 1108 vocationis
698 1057 810 1099 numer
830 1043 885 1096 este
906 1037 1028 1116 ideoque
1047 1037 1161 1118 prodire
1180 1037 1211 1098 io

58 1122 261 1210 compertum
281 1115 337 1186 Ilei
358 1119 439 1198 qussi
460 1137 549 1179 unum
569 1137 606 1181 ex
623 1117 749 1196 populo.
774 1119 1026 1196 ¹lb'ssipottonem.
1042 1136 1110 1180 vero
1129 1117 1212 1196 ponit

59 1214 156 1276 quau
177 1197 361 1276 praecipuum
379 1195 503 1258 malumr
530 1198 597 1276 quia
618 1195 714 1256 tractis
736 1195 779 1267 vet
799 1199 903 1258 attritis
922 1195 1017 1258 Saulis
1036 1193 1148 1276 opibus,
1168 1197 1210 1260 sie

58 1276 206 1354 exposita
226 1273 355 1338 hostibus
375 1283 450 1338 terra
470 1283 532 1338 erut
552 1277 581 1336 in
601 1275 750 1356 praedam,
780 1283 813 1336 ui
836 1295 920 1354 uerno
946 1276 1023 1336 domi
1043 1295 1111 1336 suae
1131 1281 1210 1334 tutus
1236 1333 1239 1344 ,

57 1355 191 1426 lateret,
210 1359 261 1418 sed
280 1376 379 1418 omues
397 1355 436 1418 ad
453 1355 552 1437 sugam
571 1363 601 1420 et
620 1355 737 1416 exilium
757 1363 852 1430 emeat
871 1357 970 1436 parati.
1010 1353 1114 1416 Postea
1135 1353 1210 1414 banc

60 1437 237 1496 vastitatem
255 1437 359 1511 iterum
371 1435 572 1518 ·roetapboriec
593 1435 738 1509 describit,
759 1435 854 1497 dicens
873 1455 933 1498 non
952 1436 1055 1498 minori
1076 1431 1209 1494 deformi-

59 1521 131 1574 tate
156 1515 289 1579 affectum
314 1535 377 1578 esse
400 1524 635 1595 torram‚‚quam
662 1517 685 1576 si
704 1519 789 1576 tntu
808 1517 935 1596 abrupto
949 1515 1068 1594 fnisset.
1108 1511 1209 1593 Neque

1 1640 2 1643 ι
58 1597 148 1654 enirn
168 1600 281 1670 ‚terraer
305 1595 450 1665 &osrede
474 1596 614 1674 divulsam
633 1595 720 1656 luisse
740 1596 883 1675 intelligit:
913 1596 963 1654 sed
986 1597 1027 1656 ita
1051 1593 1209 1673 collapsum

59 1673 217 1737 luisserel
236 1675 378 1739 deiectum
399 1675 498 1756 pepuli
517 1683 633 1750 statum,
652 1683 684 1734 ut
705 1675 848 1736 calamitas
869 1673 975 1754 ubique
995 1675 1210 1754 conspiceretur

61 1755 165 1892 gualis
190 1761 283 1817 terrae
308 1761 421 1818 motum
446 1763 475 1818 ut
498 1755 608 1816 biaturu
632 1755 713 1834 sequi
736 1754 820 1813 solet.
860 1753 907 1814 Ex
931 1773 990 1833 quo
1010 1754 1086 1814 euim
1106 1772 1123 1814 a
1143 1749 1208 1812 Deo

92 1833 141 1892 art
167 1833 284 1908 deiecit,
314 1842 470 1915 coeperunt
493 1856 539 1898 res
563 1837 625 1896 eius
649 1854 763 1914 pessum
784 1837 840 1906 ire,
855 1835 961 1908 ‚donec
986 1835 1015 1906 in
1035 1839 1128 1892 toturn
1148 1833 1209 1912 ipsc

1 1963 6 1982 ,
65 1913 167 1994 periit,
184 1921 215 1974 et
235 1915 373 1995 populum
389 1915 505 1994 reliquit
517 1915 578 1975 lere
592 1915 734 1994 porditum
748 1933 783 1974 ac
798 1911 984 1992 deploratum.
1007 1912 1093 1972 Certe
1108 1929 1208 1971 omues

1 1991 9 2077 ζ
67 1999 142 2054 tuuc
161 2000 244 2054 erant
259 1996 291 2054 iu
311 2015 424 2080 sunsrup
445 2001 524 2056 metu
543 2013 578 2054 oc
599 1995 799 2074 trepidatione:
820 1992 948 2052 hostibus
968 2000 1064 2054 autern
1085 1991 1207 2050 ludibrio

65 2078 133 2134 ml
150 2071 284 2145 Abrabae
304 2093 413 2134 semen:
439 2093 493 2140 nec
517 2077 614 2156 iugum
640 2073 802 2153 refugisset,
827 2072 851 2132 si
875 2072 962 2132 modo
982 2069 1136 2132 tolerabilis
1157 2069 1208 2130 ob·

1 2208 2 2213 ,
60 2152 126 2214 lata
151 2160 228 2212 essct
250 2155 393 2219 servitutis
418 2153 552 2216 conditio.
593 2151 645 2214 liis
670 2155 758 2232 senis
782 2151 906 2227 ostendit
930 2149 1033 2231 David,
1052 2149 1205 2210 alienatum
1299 2209 1302 2214 .

1 2291 2 2295 ,
61 2229 159 2292 luisse
182 2229 278 2292 Deum
308 2233 451 2298 a.Saule.
480 2233 543 2294 ideo
567 2253 602 2292 ue
627 2233 736 2294 iontem
762 2233 889 2293 omnium
919 2231 1062 2292 malorum
1091 2229 1206 2310 detegit,

57 2309 166 2372 Deum
186 2312 288 2376 iratum
308 2312 395 2374 luisse
415 2314 519 2376 diceus.
577 2319 686 2374 elerum
706 2312 829 2374 cundem
846 2312 896 2392 qui
910 2312 1048 2392 percussit
1062 2310 1206 2372 medicum
1315 2352 1320 2368 .

58 2411 148 2454 nunc
168 2392 309 2472 implumi,
330 2411 433 2472 rogans
453 2400 485 2452 nt
504 2401 585 2456 sanet
603 2392 750 2453 fracturas.

148 2475 177 2536 5.
210 2475 377 2535 ostendisti.
397 2469 496 2534 Primo
517 2473 585 2532 dicit
604 2471 745 2552 populum
764 2490 863 2550 aspere
884 2477 1034 2530 tractatum
1055 2469 1156 2530 luisse:
1175 2473 1205 2528 et

1 2616 2 2621 .
60 2553 165 2612 statim
187 2554 331 2616 autorum
356 2551 537 2615 acerbitatem
562 2551 747 2612 similitudine
771 2555 938 2630 exaggerat,
968 2547 1045 2628 quod
1076 2548 1204 2609 inebriati

1 2643 3 2648 ’
58 2631 175 2692 luerint
194 2634 262 2694 vino
281 2633 393 2712 soporis
411 2637 465 2694 aut
483 2631 636 2712 vertiginis.
665 2627 713 2690 De
732 2631 847 2691 uonrine
868 2609 1006 2704 ῃῐηυηῃ
1027 2649 1063 2690 ue
1083 2627 1205 2706 Hebraei

59 2712 186 2792 quidem
203 2713 373 2791 interpretes
389 2712 465 2774 inter
489 2732 520 2772 se
545 2711 733 2782 mercatust,
764 2710 831 2788 quia
856 2709 938 2768 multi
964 2708 1138 2768 transierunt
1156 2725 1204 2766 re-

59 2811 182 2852 nenum.
212 2789 271 2854 Sed
289 2791 373 2856 lauile
391 2797 436 2852 eat
455 2787 784 2872 colligereProplretem
804 2788 839 2848 de
859 2785 985 2848 venetica
1005 2789 1122 2866 potione
1142 2805 1204 2866 spe·

2 2866 7 2876 '
60 2871 175 2932 cialiter
194 2871 380 2951 tentriones
398 2877 510 2932 meotes
529 2889 615 2930 sensu
636 2875 666 2932 et
686 2869 869 2949 intelligentta
911 2869 996 2926 rivet:
1017 2867 1076 2926 acsi
1088 2867 1204 2926 dixisset

1 2969 2 2972 ’
59 2949 188 3012 ludaeos
211 2949 294 3013 malis
316 2950 405 3013 luisse
425 2948 645 3030 obstupelfflos.
675 2947 775 3008 Voluit
794 2949 871 3008 eninr
889 2889 946 3006 bei
966 2945 1204 3020 maledictionem,

59 3049 142 3110 quae
160 3029 214 3090 sub
234 3027 321 3092 Saule
340 3037 467 3111 grauata
486 3029 587 3102 tanat
608 3027 662 3088 illis
683 3033 750 3088 ante
769 3027 868 3089 oculos
888 3046 1007 3107 ponere:
1028 3031 1061 3086 nt
1077 3025 1204 3105 deposita

59 3111 235 3192 peninon
255 3109 360 3172 solium
379 3128 397 3170 a
413 3107 477 3170 Deo
496 3107 683 3189 reprobatum
701 3108 760 3168 suis
780 3107 893 3166 auxiliis
912 3106 1014 3166 lulcire
1035 3105 1202 3166 desinerent.
1267 3173 1270 3178 ,

152 3284 184 3351 6.
208 3283 331 3351 Dedisti
353 3282 539 3350 timentibus
558 3292 593 3349 te
615 3251 779 3363 vexillum,
801 3279 842 3346 ad
857 3279 1073 3348 vexillandum
1095 3301 1203 3346 corano

1 3443 2 3454 .
58 3390 206 3458 veritate.
230 3389 337 3458 Selab.
368 3389 398 3456 7.
421 3388 467 3454 Ut
488 3387 659 3454 liberentur
681 3387 783 3455 dilecti
805 3387 853 3452 tui
876 3407 965 3453 serva
989 3385 1117 3452 dextera
1139 3395 1203 3469 trra,

60 3507 97 3566 et
120 3495 318 3566 exaudime.
350 3497 381 3564 8.
404 3493 495 3562 Deus
517 3491 670 3584 loquutus
692 3503 741 3560 ost
762 3495 795 3559 in
823 3491 984 3559 sanctitate
1013 3515 1084 3574 sua,
1111 3489 1204 3558 laeta·

59 3604 138 3674 nors
162 3601 299 3670 undam
320 3600 465 3688 Sicberp,
486 3611 519 3668 et
539 3597 656 3668 vallem
679 3598 824 3666 Sueboth
848 3597 998 3664 dimetiar.
1025 3597 1076 3664 ’9.
1109 3597 1202 3664 llleus

62 3707 196 3794 Galaad,
230 3719 262 3775 et
293 3731 386 3775 meus
413 3705 574 3788 Manasse‚
608 3717 641 3773 et
666 3703 819 3796 Ephraim
853 3703 950 3770 robur
981 3703 1091 3792 capitis
1125 3703 1201 3769 mei:

61 3812 181 3883 lehuda
204 3813 380 3905 Legislator
402 3801 504 3882 niens.
552 3813 603 3880 10.
626 3811 722 3881 Moab
746 3811 806 3878 olla
829 3808 958 3886 lotionis
980 3835 1084 3898 meae:
1107 3831 1218 3899 super·

62 3919 170 3993 Edem
192 3921 354 4012 proiiciam
376 3919 517 3988 calceum
539 3942 662 3988 meumr
685 3917 859 3986 Palaestina
881 3915 976 3984 iubilo
998 3939 1095 4006 super
1116 3938 1178 3982 me.
1202 3985 1205 3994 ,

141 4069 172 4130 6.
201 4067 328 4128 Dedisti.
368 4061 495 4144 Quidam¹
519 4065 705 4145 praeteritum
729 4061 809 4124 verbi
835 4069 948 4142 tempus
973 4058 1147 4120 transierunt
1171 4059 1201 4120 in
1259 4057 1266 4064 “

62 4146 226 4228 optativum
250 4145 383 4221 modum,
413 4149 446 4206 ut
470 4147 604 4207 contiuua
629 4146 666 4204 sit
695 4145 831 4225 precatio.
870 4141 961 4220 Atqui
984 4139 1080 4200 David
1104 4139 1200 4219 potius

59 4225 279 4306 gratulationem
291 4225 366 4286 rotis
378 4225 566 4305 permiscens,
586 4224 734 4297 admonet,
754 4224 784 4282 in
803 4223 960 4282 mutatione
981 4239 1056 4300 quae
1075 4221 1199 4298 contige·

60 4312 119 4377 rat,
145 4306 310 4386 apparuisse
335 4305 444 4366 clarum
469 4306 583 4384 siguum
602 4305 709 4364 laveris
729 4301 794 4364 Dei.
834 4300 903 4380 Agit
923 4318 991 4381 crgo
1010 4297 1076 4358 Deo
1097 4299 1200 4379 gratias

29 4435 32 4442 .
60 4386 151 4448 totius
174 4385 275 4467 populi
293 4385 423 4462 nomine,
450 4387 517 4465 quia
537 4385 676 4446 vexillum
696 4385 817 4444 erexerit
836 4381 873 4442 od
893 4377 1061 4442 recreandos
1080 4377 1201 4454 rubros,
