2854 4886
161 227 199 286 Vl

159 363 288 458 pernndi
309 311 403 450 ratio,
429 387 512 458 quoe
539 387 593 434 me
614 363 703 434 initio
725 317 766 432 nd
787 361 923 456 primaru
945 333 1172 468 experientiam
1192 363 1293 457 impu
1316 431 1320 439 ,

160 479 248 564 lem,
268 505 310 550 ne
325 481 464 572 qnando,
479 501 533 548 nte
547 487 740 572 repugnante
761 469 814 548 iel
834 477 944 562 inodo,
966 489 1163 571 emergerent
1182 479 1217 546 in
1237 503 1285 572 pu

67 597 70 611 '
160 595 289 680 blenm,
316 619 397 687 quae
423 617 465 664 ex
486 594 566 664 meis
587 593 789 664 sermonibus
816 603 949 684 excepta
976 593 1109 664 fuerant.
1130 593 1183 662 ·ls
1208 603 1294 666 oarte

160 720 266 780 mettis
287 710 327 778 nd
349 731 431 804 opus
457 707 633 778 texendum
659 708 759 802 magis
785 729 840 776 me
865 707 1032 802 pertraxit,
1065 731 1163 802 quam
1187 707 1294 778 tulerit

87 893 93 900 .
138 825 257 904 ,libera
277 825 433 894 voluntas.
465 823 587 894 Interea
602 831 717 914 vtamen
737 821 771 890 in
793 822 898 916 operis
919 845 1090 916 progressu
1112 822 1228 894 oertins
1248 824 1295 892 in·

160 939 299 1032 tdligere
320 939 421 1034 ooepi,
442 958 539 1032 quarn
560 959 627 1006 non
648 959 842 1031 supervaora
865 947 950 1006 esset
969 937 1165 1015 lucubratius
1183 962 1221 1008 ao
1235 941 1295 1031 pri

159 1064 234 1124 vnto
257 1075 487 1148 quoquemeo
504 1053 653 1146 exemplo
675 1062 826 1144 expertus
847 1073 936 1140 surn,
960 1075 1015 1122 ane
1036 1052 1205 1125 leotoribns
1226 1075 1295 1124 non

60 1247 64 1260 .
160 1169 204 1238 ita
226 1169 401 1240 exercitatis
422 1169 628 1238 commodum
649 1167 719 1237 fore
739 1167 948 1260 intelligendis
958 1167 1092 1238 Psalmis
1107 1168 1294 1239 adiutorem.

162 1283 268 1370 Quam
288 1284 390 1355 varias
411 1283 753 1380 ro‘sploudidns-opes
771 1283 932 1354 oontineat
952 1283 1005 1356 hio
1025 1283 1207 1369 thesaruus,
1228 1307 1295 1354 ver·

160 1397 210 1466 bis
232 1393 358 1490 assequi
380 1397 506 1469 difficile
530 1408 595 1498 esta
628 1397 776 1490 equidem
798 1397 951 1491 quidquid
973 1399 1114 1468 dicturus
1136 1421 1225 1484 sum,
1251 1399 1294 1468 di-
1421 1427 1423 1448 Α

163 1513 280 1608 gnitate
301 1513 396 1610 longe
417 1514 551 1614 interius,
568 1513 636 1598 fore
651 1513 727 1601 seio.
755 1513 822 1582 Sed
833 1515 915 1606 »quia
937 1524 1074 1608 praestat
1094 1512 1223 1607 putum
1237 1513 1294 1584 ati-

163 1652 261 1720 quenr
282 1640 394 1705 tantae,
409 1629 550 1720 utilitatis¹
571 1627 624 1698 vel
644 1639 784 1704 tenuem»
796 1629 869 1724 dare
883 1629 1069 1716 ¹leetoribnq
1091 1652 1188 1722 quam
1208 1651 1295 1722 pror·
1328 1628 1341 1654 s

162 1765 219 1812 sus
241 1732 281 1814 d'e
302 1768 341 1814 ea
350 1755 488 1834 iuuaret·
500 1733 637 1815 breiiter'
651 1743 802 1836 attingere
817 1743 930 1828 licebit,
945 1745 1033 1836 quod
1048 1745 1094 1814 rei
1108 1743 1294 1838 luagrritudo

160 1881 230 1927 non
250 1859 366 1952 patitur
386 1857 480 1952 plane
503 1857 667 1955 expliorre.
683 1857 829 1954 ⁴luiluurn
849 1858 937 1940 huus·
956 1883 1024 1930 uon
1045 1859 1102 1930 abs
1123 1882 1159 1928 re
1180 1881 1295 1930 vocrn
1307 1878 1314 1902 ’·

163 1972 256 2042 soleo
276 1974 417 2056 ὁναιομην
440 1974 583 2052 omnium
605 1973 727 2043 orfimae
749 1959 899 2066 pritinmr
919 1975 1046 2066 quando
1063 1973 1188 2080 nullurp
1202 1975 1237 2042 in
1258 1996 1295 2046 se

162 2087 309 2158 allectum
331 2089 499 2180 qusquam
520 2089 664 2182 reperiet,
686 2087 776 2157 ouius
797 2089 832 2157 in
851 2088 915 2182 hoe
930 2085 1059 2182 speculo
1075 2101 1145 2160 nott
1158 2089 1300 2164 reluceat

164 2203 280 2296 imago.
314 2202 388 2272 lmn
406 2227 520 2275 omnes
541 2203 594 2282 hie
614 2201 751 2288 dolores,
772 2203 1055 2289 tristitiae-metus,
1077 2201 1295 2290 dubitationes,

162 2341 246 2410 spes,
268 2341 369 2404 ouras,
390 2319 572 2404 anxietates,
598 2317 955 2412 turbulentos-denique
977 2327 1097 2403 motus,
1118 2318 1233 2410 quibus
1253 2318 1295 2393 ia

163 2432 239 2502 stari
268 2431 372 2501 solent
397 2431 554 2506 brunones
580 2444 717 2517 ruentes,
743 2433 882 2528 Spiritus
909 2424 1036 2504 unotrrs
1058 2431 1099 2502 nd
1119 2433 1229 2502 rivum
1250 2457 1296 2504 re·
1387 2510 1393 2519 ,

158 2541 382 2639 praesentavit
403 2547 536 2640 Reliqua
551 2525 720 2640 Scriptura
734 2548 885 2633 eontinet,
907 2572 988 2642 qune
1002 2548 1207 2619 &unsaris
1228 2549 1295 2634 suis

163 2662 342 2741 mandate
332 2663 470 2730 iniunxit
490 2663 531 2732 ad
549 2685 612 2736 nus
632 2663 826 2758 perferenda.
853 2662 915 2758 Hic
935 2686 1012 2732 vero
1034 2662 1243 2778 Prophetae
1232 2664 1295 2756 rpsi

163 2797 237 2846 cunr
258 2775 331 2846 Deo
354 2775 537 2870 loquentes,
568 2776 642 2870 quin
670 2777 834 2869 interiores
862 2799 975 2848 omnes
1001 2799 1115 2846 sensus
1141 2788 1294 2872 retegunt,
1422 2801 1423 2810 ¹

164 2913 326 2982 quemque
347 2901 494 2963 nostrum
514 2901 631 2962 vocant
658 2902 713 2960 ant
743 2893 871 2966 trahant
897 2892 938 2960 nd
964 2881 1128 2986 proprium
1153 2894 1204 2962 sui
1224 2917 1295 2962 exe

164 3029 250 3090 rnen,
271 3029 314 3076 ne
324 3006 399 3098 qwd
411 3029 454 3075 ex
474 3016 525 3076 tot
545 3003 785 3094 infirmitatibus,
804 3008 922 3100 quilius
943 3030 1055 3076 sumus
1063 3007 1216 3092 obnoxii,
1236 3019 1295 3076 tot·

77 3128 86 3157 ,=
165 3143 229 3212 qne
242 3120 344 3205 avitiis,
370 3121 486 3214 quibus
507 3143 618 3200 sumus
640 3122 754 3220 resepti,
781 3121 940 3192 secutum
961 3130 1093 3190 manent.
1138 3119 1239 3188 Rarus
1261 3131 1295 3190 et

63 3250 65 3260 ·
162 3234 328 3326 singularis
349 3235 524 3326 proiectus,
545 3235 600 3302 ubi
621 3232 763 3332 eqeussis
776 3236 932 3330 'omnibus
953 3223 1092 3318 latebris,
1118 3255 1174 3317 eor
1193 3235 1294 3328 hypo·

136 3347 247 3432 Jerisi,
268 3349 434 3438 detqrrinra
456 3349 537 3436 tabe,
558 3348 734 3429 abstermm
755 3349 907 3430 inlunem
916 3348 1107 3444 produo'tur.
1145 3348 1294 3444 Denique

163 3461 192 3532 si
223 3463 381 3535 invooatio
413 3462 476 3562 Dei
507 3463 684 3534 maximum
717 3463 824 3534 salutis
855 3474 981 3535 nostrae
1014 3462 1204 3568 praesidium
1235 3475 1295 3552 ert,

164 3577 293 3668 quondo
314 3601 381 3648 non
402 3575 527 3649 aliunde
549 3577 661 3648 nelior
682 3602 719 3650 oc
739 3578 853 3648 certior
874 3577 940 3674 peti
961 3578 1030 3669 eius
1046 3587 1158 3672 'potest
1178 3578 1294 3672 regida,
1353 3563 1357 3576 ’

69 3717 73 3725 ’
165 3715 264 3784 quom
290 3716 332 3764 ex
357 3694 423 3766 hoo
448 3693 553 3766 libror
577 3705 615 3764 ut
641 3694 776 3787 quisque
800 3693 835 3762 in
862 3683 931 3764 eius'
952 3691 1152 3788 intelligentia
1174 3693 1295 3786 optime
1357 3741 1361 3746 -

163 3808 344 3898 profecerit,
375 3807 494 3876 bonnm
520 3808 665 3879 eoelestis
692 3807 852 3881 doctrinae
880 3817 1003 3902 partem
1034 3808 1094 3878 erit
1120 3817 1293 3880 aaseorrtus.
1357 3819 1360 3827 '
1422 3879 1423 3890 ,

163 3919 252 4006 Seria
274 3922 428 4053 precatio,
456 3947 498 3992 ex
519 3922 712 3994 necessitatis
733 3934 867 3994 nostrae-
882 3946 980 3994 sensu
1000 3923 1153 4016 primurn,
1174 3921 1294 3994 deinde

164 4059 207 4106 ex
228 4035 476 4128 promissionum
497 4037 559 4108 fide
581 4038 726 4108 nascitur.
747 4035 809 4108 Hie
829 4049 894 4112 tant
910 4038 950 4108 ad
964 4037 1047 4109 mola
1061 4059 1119 4108 sna
1131 4037 1294 4108 sentieudu

164 4151 285 4244 optime
302 4153 514 4246 expergefient
530 4153 674 4238 lectores,
695 4175 792 4246 qum
809 4152 850 4222 de
870 4153 1058 4246 quaerendis
1077 4152 1223 4226 remediis
1244 4151 1295 4222 nd-
1422 4163 1423 4226 i

163 4265 385 4336 monebantur.
431 4266 536 4358 Atque
564 4267 644 4336 adeo
667 4253 820 4360 quidquid
842 4268 882 4338 ad
903 4289 965 4339 nos
986 4265 1173 4338 sumendos
1193 4247 1295 4338 lacere
1422 4265 1423 4406 l
