2726 4888
320 371 328 382 ,
435 329 767 374 narrarentur.
1114 337 1169 394 457
1247 355 1253 366 .

11 445 180 512 lamnaret
203 469 315 512 caecam
344 449 494 513 hominum
519 451 754 527 incredulitatem,
784 456 888 536 quibus
905 459 997 519 'satius
1011 465 1167 523 ¹estaauis

11 527 172 592 llenebria
191 549 223 592 se
241 530 381 613 decipere,
402 551 490 613 quarn
510 535 593 600 turriti
614 531 671 594 Dei
695 535 946 616 promistionibus,
971 557 1045 620 qnae
1069 539 1168 602 fallere

11 617 184 690 nequeant.
223 609 316 672 Porro
346 613 414 692 quia
437 619 545 674 tautam
574 615 730 674 vanimtem
761 615 990 698 deprehendebat
1015 617 1112 680 David
1137 623 1167 682 ln

11 687 125 749 electis
147 690 281 752 Abrahae
300 689 375 767 filiis,
395 695 566 773 pronunciet
590 695 620 754 in
646 713 750 774 genere
775 702 870 758 lotum
896 697 1053 772 humanum
1078 719 1168 782 genus
1263 750 1290 777 Ἄ

11 770 184 832 nendaciis
203 790 266 832 esse
286 769 421 832 deditum.
441 769 515 832 Nam
540 793 593 854 per
611 773 779 834 adverbium
798 777 868 844 ’1Πὶ
887 777 1028 858 significat
1048 788 1167 841 cunctos

11 849 82 908 ‚ine
111 851 286 932 exceptione
310 857 445 930 appetere
469 852 581 912 errandi
607 872 731 914 maram.
776 853 835 914 lam
862 873 932 917 vero
957 855 1007 918 nbi
1036 861 1168 920 audimus

10 947 80 988 ron
108 931 142 990 in
168 933 267 1010 pauala
292 929 455 992 hominibus
474 931 601 992 damnari
626 932 703 994 hanc
721 934 899 1014 pravitatem,
919 943 953 998 ut
972 938 1098 998 venitote
1117 957 1166 999 va·

10 1009 123 1070 riores
144 1012 210 1084 sint,
234 1009 284 1070 sed
304 1014 334 1070 in
353 1013 414 1091 ipsa
435 1018 547 1072 natura:
573 1013 642 1093 qnid
661 1014 808 1093 residuum
826 1013 887 1074 lieri
907 1016 1033 1078 dicemus
1051 1020 1168 1094 rationi,

10 1095 38 1146 st
66 1090 255 1170 prudentiae,
273 1107 308 1149 aa
328 1081 417 1152 libero
437 1090 571 1152 arbitrio?
590 1090 651 1154 Nec
670 1091 764 1154 obstet
783 1095 861 1190 quod
872 1093 968 1156 fideles
988 1095 1044 1158 boc
1063 1099 1165 1159 morbo

10 1176 133 1248 rnrgat
153 1168 246 1231 Dens:
272 1171 339 1250 quia
364 1171 388 1229 si
413 1173 626 1251 regeneratione
645 1169 775 1254 Spiritus·
793 1191 823 1233 sn
842 1173 899 1234 illis
918 1177 1069 1258 corrigitur
1087 1197 1166 1238 men·

13 1247 382 1322 sacramenrorum
424 1251 481 1310 itur
498 1258 601 1312 natura
619 1250 708 1313 iubae
722 1251 882 1316 mendaces.
913 1251 973 1334 Etsi
994 1263 1090 1316 autem
1109 1259 1167 1340 pri·
1202 1261 1208 1273 ¹

13 1347 89 1387 nus
111 1327 204 1390 homo
224 1329 370 1409 integere
419 1349 455 1390 ao
475 1337 588 1391 meatus
607 1337 660 1406 est,
680 1349 733 1392 sao
753 1339 848 1392 umen
858 1333 940 1414 lapsu
959 1335 988 1394 ln
1009 1335 1083 1396 bane
1103 1355 1165 1397 cor·

16 1409 192 1488 *optionem
211 1427 265 1470 nos
284 1411 381 1484 traxit,
401 1417 435 1470 nt
453 1429 572 1493 prorsus
591 1409 808 1472 obtenebratum
828 1413 863 1474 sit
877 1415 1015 1496 quiequid
1034 1416 1105 1476 lueis
1125 1418 1166 1476 di·

24 1489 134 1548 uinitus
153 1487 236 1550 nobie
253 1487 355 1550 datum
374 1497 443 1550 erat.
483 1489 581 1570 Siquis
606 1489 733 1566 obiiciat,
757 1492 881 1552 renidere
904 1500 1002 1554 tamen
1026 1495 1056 1554 iu
1075 1495 1166 1556 homi·

23 1567 107 1628 ribus
130 1587 191 1628 non
210 1569 369 1650 spernenda
388 1568 444 1630 Dei
469 1570 560 1644 dona,
584 1569 688 1650 quibus
712 1572 786 1631 iuter
810 1591 909 1632 omnes
934 1575 1003 1634 alias
1023 1583 1166 1636 creaturas

22 1647 187 1708 rxaellanta
207 1649 311 1710 solutio
330 1647 420 1710 facilis
440 1655 492 1724 eat,
513 1647 654 1728 Quamvis
679 1649 829 1733 praeclaris
854 1652 967 1714 dotibus
992 1646 1174 1728 ornatisint,

22 1729 173 1802 rumines,
202 1730 348 1810 corrumpi
371 1735 466 1789 tamen
491 1730 600 1810 peccati
625 1727 704 1805 labe,
732 1737 762 1791 et
787 1749 956 1792 eranmcere
980 1733 1011 1794 in
1035 1733 1165 1796 nihilum.

21 1806 91 1866 Sola
113 1809 194 1869 enim
214 1802 269 1868 Dei
289 1809 414 1890 cognitio
433 1809 500 1869 lacit
518 1815 552 1870 ut
571 1813 653 1870 suam
665 1811 869 1908 praestantiam
889 1811 1009 1888 retineat
1029 1815 1165 1894 quicquid

20 1886 169 1947 donorum
189 1887 218 1947 in
237 1907 291 1948 nos
311 1889 433 1949 contulit
452 1887 546 1948 Dens:
566 1889 622 1950 alio
663 1890 832 1950 stillantur
877 1893 967 1952 eccati
986 1894 1165 1974 contagione,

18 1965 425 2109 astatadstat:
440 1909 1043 2110 sttatssltttlutiuntt‘

97 2129 152 2187 11.
174 2128 223 2188 Ne
247 2130 413 2208 confidatis.
454 2127 509 2188 Hic
533 2128 667 2189 admonet
686 2127 796 2201 David,
816 2145 875 2189 non
895 2136 962 2190 ante
981 2131 1072 2192 solida
1092 2151 1162 2193 con·

17 2203 110 2265 idere
130 2205 265 2267 homines
274 2205 349 2282 Deo,
368 2227 455 2286 mam
475 2209 607 2270 exuerint
626 2207 740 2270 lallaces
760 2227 858 2268 omues
877 2207 1005 2281 fiducias,
1026 2229 1100 2290 quae
1119 2220 1163 2273 to·

17 2285 114 2344 tidem
140 2291 211 2345 eunt
235 2291 428 2346 avocamenta.
468 2283 568 2364 ltaque
594 2283 689 2342 omnia
714 2284 916 2364 impedimenta
939 2289 1003 2348 tolli
1022 2289 1123 2362 iubet,
1135 2298 1165 2354 et

13 2362 93 2420 uuis
118 2383 199 2442 quae
217 2363 274 2424 Dei
292 2365 389 2425 locum
409 2369 562 2442 occupant,
580 2361 691 2422 animos
715 2365 839 2443 purgari.
873 2365 1048 2444 Quanquam
1067 2373 1164 2428 auteur

8 2443 129 2522 species
151 2447 266 2501 tantam
286 2441 423 2522 quasdam
444 2442 566 2522 attingit,
585 2459 661 2536 pers
704 2440 847 2502 ecdochen
858 2441 997 2536 signifieat
1016 2463 1163 2524 nunqnam

8 2523 129 2580 sineere
159 2525 189 2580 et
213 2519 262 2580 aba
285 2541 321 2582 ae
346 2522 413 2580 loco
438 2539 489 2580 cor
514 2521 637 2580 hornrnis
687 2539 723 2580 eo
746 2539 809 2580 csse
833 2520 992 2596 adnutum,
1022 2522 1113 2584 donee
1133 2543 1164 2584 sa

13 2599 174 2660 ronta-ariis
193 2603 270 2660 omni
349 2601 459 2660 fiduciis
486 2599 663 2680 explicuerit.
705 2597 761 2658 Per
785 2601 898 2680 rapinas
917 2607 947 2660 et
965 2603 1101 2690 praedam
1120 2605 1164 2664 iu-

14 2681 152 2761 olligere
171 2699 321 2761 possamus
340 2685 400 2740 lam
419 2681 514 2760 ipsam
534 2679 661 2759 rapiendi
680 2685 786 2752 eclam,
807 2697 895 2758 quam
914 2697 960 2739 res
980 2681 1055 2740 male
1074 2689 1103 2741 et
1122 2685 1163 2742 in·

10 2769 84 2820 uste
105 2766 222 2840 partas.
262 2759 380 2820 Certum
400 2757 515 2840 quidem
536 2767 580 2818 est
594 2756 649 2818 lrac
658 2757 857 2818 exhortatione
876 2761 994 2840 reprimi
1013 2760 1162 2822 libidinum

8 2841 187 2914 ruriaciam,
210 2856 285 2922 qnae
308 2846 419 2899 mentes
442 2844 591 2913 excaecat,
611 2843 644 2896 nt
663 2838 749 2898 licere
768 2843 870 2917 putent
889 2838 1026 2918 quioquid
1045 2841 1163 2921 impune

7 2919 196 2980 onceditur.
241 2919 274 2979 ln
299 2925 437 2980 contexta
461 2919 546 2978 eliam
571 2917 683 2977 variant
712 2919 888 3000 interpreter.
934 2916 1061 2996 Quidam
1085 2924 1162 2981 enim

7 2999 145 3082 singulis
163 2997 326 3059 nominibus
346 3018 397 3060 sua
417 2997 504 3058 verba
524 2995 691 3068 attribuunt,
711 2996 768 3056 boc
787 2997 883 3069 modo,
903 2994 946 3056 Ne
961 2997 1110 3059 confidatis
1130 3001 1162 3060 in

7 3083 141 3160 spinis,
162 3095 199 3138 ne
218 3081 391 3139 evanescatia
417 3080 447 3138 in
465 3077 585 3160 praedas
610 3084 641 3137 et
665 3077 689 3136 si
708 3075 822 3136 divitiae
846 3076 979 3150 allluant,
1002 3077 1092 3139 nolite
1111 3099 1163 3140 cor

7 3161 155 3220 rdiicere.
194 3157 253 3228 Alii
273 3177 339 3218 cnm
359 3179 418 3218 nuo
437 3157 525 3218 verbo
545 3162 703 3217 contexunt
722 3155 836 3237 rapinas
855 3162 885 3215 et
904 3155 1048 3238 praedam.
1089 3157 1161 3218 Ver-

7 3260 83 3300 sum
106 3243 206 3297 antam
225 3239 410 3299 evanescendi
430 3235 713 3298 saorsnmindelinita
732 3237 840 3316 legunt.
869 3233 1159 3315 Utramvissyntaxin
1256 3252 1263 3263 “

7 3323 117 3400 ligae,
138 3335 198 3377 non
217 3317 341 3378 multum
361 3318 397 3378 ad
419 3335 560 3378 summam
581 3317 622 3378 rei
641 3317 772 3376 intereat:
800 3315 867 3395 qnia
887 3315 936 3375 nbi
955 3333 1089 3376 amanam
1108 3335 1160 3378 au·

7 3402 141 3493 laniem,
161 3415 219 3535 qna
237 3397 327 3458 inllati
347 3403 414 3458 sant
431 3397 600 3492 praedones,
620 3396 765 3491 damnayit
784 3391 938 3492 l’ropbeta,
958 3399 1075 3476 proprio
1094 3411 1158 3458 eam

8 3495 138 3572 nomque
181 3484 303 3558 cargnat,
328 3477 407 3558 quod
431 3477 538 3536 scrlrcet
561 3493 640 3537 mera
664 3483 701 3535 art
725 3475 834 3570 rllqsro,
853 3495 883 3534 m
909 3493 966 3556 qua
985 3483 1160 3538 evanescant

10 3555 813 3708 attttaltel‘ttt'ttttttll,ttttltr
833 3573 1159 3716 :battutas

15 3717 123 3780 tertim
142 3713 190 3775 nbi
210 3717 291 3776 malis
310 3723 341 3777 et
359 3718 500 3797 perversis
520 3713 627 3775 artibus
647 3715 784 3774 ditescere
798 3732 834 3794 ap
856 3715 969 3778 etimne.
997 3712 1157 3795 Postquam

17 3806 117 3859 rutena
144 3813 245 3876 pravas
270 3795 438 3878 cupiditates
458 3795 612 3866 damnavit,
631 3795 661 3854 in
680 3792 783 3874 quibus
803 3813 822 3873 p
851 3812 897 3852 em
917 3800 1035 3874 apparet
1055 3795 1158 3869 sedus,
1287 3866 1291 3872 ι

18 3875 137 3938 =ubiicit
154 3877 289 3936 mutiano
308 3881 385 3958 post,
404 3875 562 3936 cavendnm
586 3876 672 3934 etiam
695 3889 758 3934 esse
782 3891 819 3932 ne
838 3891 907 3952 opes
927 3874 1057 3952 quamvis
1076 3875 1157 3932 iustis

19 3955 113 4018 nodia
138 3961 245 4036 partae,
268 3975 323 4017 nos
347 3961 463 4016 teneant
485 3955 538 4014 sibi
563 3953 674 4014 allisos.
714 3951 806 4012 Porro
827 3957 888 4014 Cor
906 3955 1034 4013 aditam
1052 3953 1095 4011 od
1112 3955 1158 4012 dt-

20 4045 118 4109 rarus,
138 4053 194 4096 non
214 4041 326 4096 tantum
346 4035 486 4116 significat
505 4035 590 4094 nimis
609 4031 712 4115 cupide
725 4032 762 4094 ad
782 4051 831 4092 eas
849 4030 967 4103 inhiare,
986 4031 1036 4089 sed
1057 4033 1156 4092 aarum

20 4117 125 4177 iducia
143 4133 290 4196 perperam
310 4115 415 4189 efferri,
435 4121 465 4176 et
484 4114 574 4174 altum
598 4131 705 4194 sapere,
731 4118 765 4172 nt
789 4111 857 4172 dicit
876 4109 983 4170 Paulus
1003 4107 1088 4170 Rom.
1109 4131 1156 4170 aa·

20 4198 75 4256 rite
95 4196 148 4270 11,
166 4213 252 4255 remu
271 4198 321 4258 ab.
361 4194 421 4254 laur
441 4213 511 4254 vero
531 4212 618 4276 quam
637 4213 697 4252 non
716 4209 892 4272 supervacua
912 4192 949 4249 sit
968 4187 1039 4250 haec
1058 4191 1154 4250 admo-

20 4277 96 4350 nitio,
118 4274 283 4354 quotidiano
303 4295 358 4336 nan
379 4275 523 4334 docemmu
564 4269 641 4334 Nihil
665 4273 740 4332 enirn
765 4271 854 4352 magis
879 4281 1046 4341 commune,
1066 4289 1155 4350 qnam

20 4355 152 4416 erociam
171 4355 247 4436 gigni
267 4373 304 4414 ex
324 4353 510 4418 abundantia:
531 4347 641 4414 melotes
661 4350 817 4412 verolastn
836 4354 1003 4422 excaecatae
1022 4369 1081 4409 non
1100 4351 1155 4408 mi·
1258 4358 1262 4373 ¹

20 4454 66 4495 us
91 4434 123 4493 in
141 4431 238 4496 Deam
263 4436 434 4516 protervire,
461 4453 549 4513 quam
567 4431 737 4494 insolescere
756 4427 1004 4572 εξὸοέιίωωπάἱ
1033 4429 1153 4504 licentia,
