2726 4888
430 267 474 326 irs
502 285 662 330 assem.
690 289 772 331 nxrx.
941 327 946 344 .
1115 293 1170 348 51³

26 409 179 473 toleralu'le
197 411 305 491 (neum
328 412 404 470 eninr
430 413 534 474 mirum
558 418 615 485 est,
640 411 770 472 sordidos
793 410 938 490 homiues,
963 413 1067 496 quibus
1090 417 1172 477 nulla

27 499 74 552 est
94 491 209 552 bonesti
228 510 311 564 curu,
335 509 367 552 ae
390 489 498 570 absque
517 491 688 552 remouudiu
709 492 894 570 prostituere)
915 493 965 553 sed
985 510 1075 574 qaum
1094 494 1168 556 ludi·

28 589 77 632 ces
97 573 154 652 ipsi
172 571 203 630 iu
221 570 341 632 eandem
361 589 392 630 se
448 570 605 646 tulantiam,
630 569 777 650 gravitatis
797 569 887 646 obliti,
907 573 1074 711 proliciunt,
1094 575 1169 634 mul·

28 650 396 730 tumerescitindignitas.
431 651 484 709 deo
504 651 608 710 diserte
627 651 811 730 conqueritur
830 648 935 726 Dari,
965 671 1000 712 se
1015 655 1087 734 ipsis
1103 675 1168 733 pro·
1241 711 1242 716 ,

28 730 146 790 ceribus
165 729 252 790 luisse
271 731 302 790 iu
321 727 512 810 proverbium.
553 727 626 790 Nam
647 729 727 810 quod
744 731 873 792 sedentes
892 729 924 791 in
964 735 1169 813 orlu'quidem

29 811 66 870 de
87 817 157 870 toto
180 809 290 890 populo
315 816 477 892 exponunt:
502 810 596 890 primo
620 809 752 888 frigidum
776 816 835 885 est,
859 810 922 870 dein
944 831 960 871 e
985 819 1169 874 remotumst

27 889 127 950 verbis
146 889 279 960 Daridis,
299 891 352 950 etsi
371 891 447 950 euim
466 891 595 948 omnium
615 889 748 950 ordinum
767 895 828 950 erat
847 897 1006 954 conventus
1024 893 1053 952 in
1074 900 1168 974 porte,

28 970 87 1029 soli
105 977 200 1029 tamen
220 969 332 1028 ludices
350 967 494 1028 sedebant.
525 967 564 1029 At
586 987 625 1028 ue
641 968 670 1027 id
690 967 840 1028 confirmat
859 971 982 1030 mcunda
1002 977 1167 1052 persever-

29 1069 94 1108 sus:
115 1049 183 1130 quia
202 1067 255 1129 per
272 1051 395 1109 bidentes
412 1057 553 1123 emerem,
566 989 650 1107 baud
669 1047 754 1108 dubie
773 1050 926 1128 primores,
947 1051 996 1130 qui
1017 1051 1120 1132 opibus
1139 1057 1170 1112 ei

29 1129 170 1210 dignitate
189 1129 348 1210 pollebant,
373 1128 511 1210 designat.
551 1127 631 1189 llaec
649 1145 719 1187 rsro
739 1146 851 1188 summa
869 1127 924 1188 iuit
943 1132 1089 1206 atrocitas,
1108 1148 1172 1194 nou

28 1209 120 1270 mo'do
137 1210 283 1289 gregarios
301 1207 432 1268 homines
452 1207 610 1290 exagitasse
628 1213 759 1268 sanctum
778 1210 887 1282 virum,
905 1209 962 1280 ¹ssd
986 1211 1065 1290 ipses
1088 1210 1167 1270 iusti·

30 1289 90 1348 tiae
115 1287 257 1370 praesides
281 1295 312 1348 et
331 1285 475 1348 Ecclesiae
499 1289 638 1347 antistites
672 1287 735 1346 aliis
769 1285 857 1346 fuisse
884 1289 1089 1370 antesignanos.
1129 1288 1169 1350 Ei
1195 1305 1206 1316 ·

30 1385 125 1448 quum
144 1367 220 1428 idem
240 1367 324 1427 bodie
343 1381 399 1428 usu
417 1368 527 1438 veniat,
551 1385 610 1426 non
634 1365 684 1426 abs
708 1385 740 1424 rc
759 1363 816 1426 hoc
834 1368 981 1448 exemplar
999 1369 1082 1428 nobis'
1101 1375 1172 1430 ante

29 1447 253 1510 oculesstatuit
271 1446 405 1528 Spiritus.
445 1446 478 1506 ln
498 1445 609 1526 Papetu
629 1446 802 1525 utquisque
826 1445 937 1506 honore
954 1448 1082 1523 excellit,
1108 1466 1169 1528 quo

29 1535 183 1588 strennuum
202 1546 232 1587 se
272 1526 354 1587 robet
373 1525 440 1586 iidei
463 1525 619 1586 catholicae
643 1532 810 1621 patronum,
839 1545 875 1586 so
903 1527 1077 1606 petulantius
1102 1527 1181 1592 me.

30 1607 135 1667 ebatur
149 1547 442 1687 contrellvaugelium
456 1607 574 1686 eiusque
586 1607 738 1672 ministros.
758 1603 819 1664 lmo
833 1603 880 1665 bic
893 1605 1010 1666 morbus
1020 1607 1169 1673 incunctis
1229 1657 1234 1668 .

29 1687 93 1748 iere
113 1685 291 1768 Principibus
316 1693 473 1768 pausatura
505 1685 573 1765 quia
597 1703 678 1744 snam
702 1686 905 1764 praestantiam
925 1685 1033 1746 nonin
1053 1687 1167 1758 virtute,

30 1768 84 1828 sed
108 1768 210 1828 effreni
233 1768 345 1827 besutia
365 1767 552 1826 constituunt.
578 1763 665 1827 Probi
684 1770 781 1824 autem
800 1763 907 1824 Christi
926 1766 1002 1824 servi
1020 1785 1081 1846 quo
1100 1771 1170 1826 sunt

31 1847 113 1928 apud
131 1865 181 1908 eos
200 1847 285 1906 loco?
304 1845 391 1906 Certe
410 1845 481 1906 baec
500 1863 557 1904 una
576 1850 621 1904 eat
638 1863 732 1923 neque
790 1850 896 1904 strema
914 1861 953 1904 ax
966 1863 1067 1904 eorum
1083 1847 1170 1919 euris,

29 1929 130 1988 iocose
148 1945 207 1987 non
226 1925 362 1986 modo'in
381 1941 494 1999 mensa,
517 1924 568 1984 sed
587 1926 617 1983 in
637 1924 695 1984 suis
715 1943 747 1981 so
761 1923 777 1938 ''
812 1923 940 1991 eusanii
960 1924 1082 1984 dicteriis
1101 1943 1169 2004 prou

30 2007 171 2080 findere,
190 2014 224 2067 ut
241 2005 329 2066 iidem
343 2005 490 2084 abrogent.
511 2001 689 2064 Generaliter
702 2003 795 2074 etism,
807 2004 862 2082 piis
881 2002 1013 2063 omuibus
1032 1997 1168 2077 illudunt,

31 2094 65 2148 et
83 2088 207 2148 suaviter
226 2085 373 2146 cantittant
393 2083 429 2144 de
447 2101 548 2144 eurum
568 2083 758 2164 simplicitate,
782 2083 865 2162 quasi
888 2083 1001 2163 pietatis
1020 2099 1107 2144 musa
1125 2089 1168 2144 tes

29 2185 113 2230 mere
131 2187 162 2228 se
180 2165 299 2248 fatigant
316 2169 352 2225 de
370 2169 523 2226 macerent.
1002 2205 1005 2216 .

114 2246 162 2308 14.
181 2249 251 2328 Ego
270 2255 378 2306 oetam.
398 2242 492 2304 llatae
510 2243 566 2304 tuit
579 2241 701 2306 virtutis.
721 2259 758 2304 ne
777 2241 826 2302 illa
845 2241 960 2323 widem
978 2241 1087 2302 duritie
1102 2257 1169 2322 pers

29 2326 110 2400 celli,
128 2332 161 2386 ut
172 2326 360 2406 desponderet
373 2324 500 2384 animum
515 2320 619 2384 David.
640 2319 736 2382 Docet
749 2329 844 2385 autem
858 2323 942 2382 simul
961 2341 1021 2402 quo
1040 2323 1169 2382 remedio

31 2427 67 2466 se
86 2407 219 2467 munierit
238 2412 337 2466 contra
356 2422 443 2484 grave
463 2403 636 2462 scandalum.
662 2399 736 2461 Nam
756 2419 846 2482 quum
866 2419 933 2462 suas
952 2401 1067 2462 facetias
1085 2397 1168 2481 impii

32 2488 118 2567 quasi
135 2485 281 2546 madrinas
299 2487 458 2564 ingererent
477 2483 512 2542 ad
532 2481 756 2542 labefactandam
776 2482 837 2540 eins
856 2481 952 2555 iidem,
972 2482 1041 2542 dieii
1059 2499 1091 2540 se
1103 2499 1166 2561 pre·

31 2568 174 2626 cntionem
199 2565 318 2638 fudisse,
348 2581 405 2643 qus
429 2562 550 2622 insultus
580 2579 679 2620 omues
702 2561 864 2656 repellerpts
893 2579 952 2622 non
982 2559 1101 2620 dublum
1124 2567 1168 2621 eat

31 2645 208 2795 {iiiiii
223 2643 371 2784 iffi
383 2640 1016 2800 ttttttt.tt·it¹t,.tttt.t¹tttt3
1037 2646 1169 2798 lille}

33 2805 113 2886 apud
131 2805 233 2885 impios
252 2804 324 2866 nibil
342 2800 492 2884 proficiant
510 2799 625 2872 fideles,
652 2801 776 2858 victores
801 2805 896 2858 tamen
921 2798 1050 2870 stabunt,
1080 2799 1106 2858 si
1124 2817 1168 2856 sea

30 2889 113 2966 ipsos
131 2878 301 2966 contrabant
319 2899 353 2944 ae
371 2881 508 2960 eolligunt
526 2879 563 2942 ad
578 2877 674 2938 Deum
693 2877 842 2942 orandum.
863 2876 983 2938 Summa
1002 2883 1056 2950 est,
1076 2893 1167 2956 quum

32 2966 131 3028 omnia
149 2971 284 3044 expertas
303 2961 409 3036 David,
427 2959 558 3020 laborem
577 2977 662 3023 suum
681 2958 793 3018 irritum
812 2956 1055 3030 eduennensis
1075 2955 1168 3016 tomi-a

32 3047 130 3120 nibus,
147 3047 239 3124 egisse
251 3061 319 3105 cum
332 3043 396 3103 soto
407 3039 479 3100 Deo.
500 3037 589 3117 Quod
608 3038 745 3117 sequitur,
764 3047 878 3118 tempos
896 3038 1169 3117 dasepioettr'Dees,

17 3145 118 3186 »secus
146 3130 295 3204 exponunt
318 3123 403 3182 multi
431 3121 613 3200 interpretes,
642 3135 702 3176 uuo
730 3117 838 3178 scilicet
866 3123 1003 3177 contextu
1032 3117 1170 3195 legentes,
1278 3177 1283 3188 ,

33 3209 106 3288 Ego
115 3207 213 3266 Deum
227 3213 368 3285 praeatus
380 3223 446 3262 mm
459 3209 587 3280 tempore
595 3198 774 3278 beneplaciti,
795 3199 875 3256 iuxta
883 3195 953 3256 illud
964 3194 1068 3255 lesaiee
1078 3195 1126 3265 55,
1137 3197 1166 3256 6.

33 3285 170 3346 invumts
188 3285 281 3367 ipsum
301 3281 370 3342 dum
409 3297 480 3359 rope
499 3285 551 3364 est.
581 3276 639 3338 Alii
658 3279 700 3336 sic
718 3275 875 3350 resolvunt,
892 3274 1031 3336 Precatus
1051 3293 1118 3334 sum·
1135 3280 1169 3332 ut

34 3365 146 3426 veniret
165 3371 278 3445 tempus
297 3301 480 3442 beneplaciti,
504 3364 592 3437 atque
616 3360 649 3416 ut
667 3353 748 3414 Deus
768 3355 838 3414 mibi
857 3355 997 3436 propitius
1017 3373 1079 3412 esse
1097 3354 1169 3412 ineid

34 3451 126 3526 peret.
146 3441 209 3524 Ego
228 3450 325 3538 autern
344 3442 440 3522 potius
460 3439 593 3530 existimo
611 3434 753 3496 Davidem
773 3434 878 3530 referre
896 3433 966 3515 quid
985 3440 1055 3492 tuuc
1073 3432 1175 3528 solatii

31 3511 1169 3675 titttstntttlttt‘tttittttstittttttttttttti
1228 3645 1231 3650 ,

30 3665 177 3764 beplacito
195 3701 265 3742 suae
278 3683 369 3744 sicea.
409 3677 459 3736 Sic'
477 3683 508 3772 et
525 3675 661 3736 Habaeuc
680 3679 711 3748 2,
731 3677 757 3735 1.
782 3679 924 3770 staturum
944 3691 975 3732 se
995 3673 1064 3732 dicit
1082 3687 1172 3750 super
1260 3715 1268 3736 s

29 3756 696 3922 essu.nnsnrnrsss
709 3751 908 3893 insist

29 3923 116 3986 nobis
137 3923 268 3982 vincendi
285 3921 369 3991 ratio,
392 3919 461 3977 dum
480 3933 545 3994 spes
565 3913 647 3974 nobis
666 3914 697 3972 in
715 3911 837 3972 tenebris
855 3913 962 3983 illucet,
982 3927 1016 3968 ac
1036 3908 1169 4002 benepla-

30 4005 81 4064 citi
96 4004 339 4082 exspectationes
354 3999 483 4058 smtinet.
503 3993 561 4054 Pus
674 3993 715 4052 ita
729 4009 810 4052 suam
824 3989 1063 4072 perseverentiam
1073 3981 1171 4051 Detrd

29 4083 155 4156 fulcivit,
173 4084 269 4142 statim
284 4079 420 4160 adiungit,
439 4078 488 4136 Ide
610 4075 730 4133 inibitur
740 4073 927 4132 multitudine
940 4071 1168 4164 maternos,

28 4163 169 4224 fiduciam
188 4162 291 4222 iterum
310 4159 445 4239 colligens
465 4173 502 4216 en
521 4151 577 4214 Dei
595 4157 705 4218 natura.
725 4148 763 4210 Et
783 4151 900 4212 bonitati
920 4149 1045 4228 admugit
1063 4149 1171 4218 solutis

28 4251 202 4304 oerstatemr
220 4243 279 4304 sesi
299 4240 413 4312 diceret,
433 4240 512 4297 certo
532 4233 635 4293 effectu
654 4229 769 4310 probari
788 4249 900 4310 semper
910 4225 965 4288 Dei
981 4227 1169 4296 elementiam,

30 4323 104 4382 dum
123 4323 184 4382 suis
203 4323 234 4382 iu
253 4320 303 4380 des
340 4319 448 4380 ratione
467 4313 614 4374 succurrit
633 4309 817 4370 Hincautem
832 4310 916 4369 fluxit
935 4307 1071 4388 precatio,
1090 4305 1169 4384 qued

27 4421 134 4474 senam
152 4420 221 4462 anos
241 4399 278 4460 ad
327 4417 393 4460 enm
412 4391 573 4470 numera,
598 4409 636 4452 ne
659 4389 697 4452 ab
721 4390 960 4532 bnpiisapaetatus
980 4392 1169 4462 eranesueret,

56 4498 165 4540 Calvina
178 4499 201 4540 in
215 4498 295 4542 Pul..
308 4497 370 4537 Tun.
386 4496 404 4536 i.
