2730 4882
416 207 433 244 z

420 290 647 333 rursus!
683 293 791 335 rasin.
1131 299 1186 358 373
1304 288 1306 298 ’

13 411 178 493 dispersa
198 419 251 474 est.
290 411 387 494 Atque
405 411 476 476 haec
496 412 638 492 doctriua,
662 417 775 498 quoties
793 417 894 478 animis
913 397 1102 491 fluctuamur,
1121 443 1184 486 suc·

16 477 164 552 cosulere
191 492 275 553 nobis
294 491 393 560 debet.
413 495 549 578 quicquid
569 495 763 558 discriminum
773 497 926 573 immineat,
945 497 1063 560 salutem
1084 497 1181 564 Eccle·

16 569 731 715 tererestereres
755 577 878 716 eppe
894 582 1023 718 ii¹¹⁰¹¹¹³³
1048 581 1099 676 ³⁰⁶
1124 601 1183 644 '¹⁰¹¹
1230 631 1236 644 ·

18 732 163 792 tea-itum
181 731 291 792 resolvi
308 738 416 813 potest,
434 733 485 798 scd
504 673 763 796 eofflsevritrofm
771 693 773 702 x
801 677 889 800 uun,
923 677 1031 740 mpom
1050 681 1080 722 m
1100 681 1181 744 pm

119 814 156 874 9.
175 813 429 891 Εὰρεοωυὶωω.
472 811 566 874 Docet
595 811 643 892 iric
671 827 770 874 versus
800 813 897 898 lidales
925 815 1013 878 luisse
1037 815 1182 882 Divinituo

19 897 185 968 servatos,
205 893 272 972 quia
291 891 321 951 in
335 911 446 952 summa
464 911 561 953 rernm
581 893 707 953 omnium
723 893 934 974 perturbatione
970 897 1087 957 aticnler
1122 899 1179 960 uie·

19 971 147 1044 verint,
169 972 263 1031 donec
281 970 395 1032 tandein
415 973 546 1032 mumius
565 973 692 1052 ipsorum
707 971 788 1034 Deus
807 993 891 1054 opem
911 993 926 1036 a
950 982 1032 1037 erret
1053 919 1181 1040 veiim
1251 1017 1254 1028 ·

20 1055 116 1112 euim
139 1049 313 1110 llebmicum
337 1054 435 1123 nnn,
459 1051 537 1134 quod
560 1059 604 1112 est
627 1054 749 1134 proprie·
762 1052 859 1126 silere,
884 1055 972 1116 sulmi
995 1057 1179 1136 tranquillita-

22 1139 96 1191 tem
109 1137 226 1228 motat,
248 1129 325 1190 unde
349 1127 508 1228 colligimus
532 1130 618 1191 luisse
644 1131 774 1211 periculis
799 1133 918 1212 sgitotos
938 1132 1049 1209 lideles,
1066 1143 1106 1198 ,ut
1126 1156 1179 1217 pro

22 1229 149 1350 titt
166 1211 1176 1372 titii*{tottiit‘lt‘ttjittiatttttlttlt

24 1367 216 1430 etilrua‘lruo
234 1375 267 1430 et
282 1367 352 1428 illuc
370 1368 491 1460 impelli,
509 1367 600 1430 donec
619 1389 719 1432 eorum
735 1377 848 1433 mentes
867 1369 937 1434 tides
954 1373 1125 1452 tranquillet,
1146 1381 1177 1434 et

25 1449 71 1510 ad
93 1449 245 1510 silentium
262 1455 426 1528 componat.
466 1447 585 1510 Summo
603 1449 760 1531 igiturest,
778 1447 887 1524 fideles,
906 1470 995 1530 quum
1015 1453 1116 1512 misere
1131 1453 1172 1512 al·

26 1532 223 1610 digerentur,
242 1547 301 1588 non
320 1527 408 1590 luisse
427 1533 521 1590 tamen
541 1547 558 1589 o
576 1527 667 1610 pedu
686 1527 819 1606 deiectos,
838 1529 909 1610 quin
926 1529 1126 1593 recumberent
1144 1533 1174 1594 in

27 1609 94 1670 Dei
121 1607 277 1670 auxilium:
323 1607 372 1667 oin
395 1610 490 1688 potins
515 1608 576 1669 eius
592 1608 700 1690 gratiae
720 1609 854 1690 patientia
873 1615 902 1670 et
921 1629 972 1704 spe
990 1609 1104 1672 ianuam
1122 1629 1171 1692 pa·
1240 1645 1243 1654 =

28 1690 181 1750 tclecisse.
202 1685 293 1748 Porro
302 1627 364 1747 boc
383 1687 420 1746 ud
438 1685 635 1748 illustrandam
646 1687 711 1749 «Dei
730 1689 849 1769 gratiam
866 1689 966 1767 volort,
1007 1689 1063 1749 uod
1081 1711 1174 1771 quum

29 1769 74 1828 ab
95 1769 160 1829 cios
179 1765 393 1847 exspectatione
412 1767 581 1848 penderent,
605 1789 664 1828 nou
687 1767 793 1830 luerint
811 1767 947 1830 frustrati.
985 1709 1069 1828 itam
1087 1772 1173 1832 ctiam

31 1849 107 1908 colli
127 1849 138 1907 i
155 1853 251 1928 potest
270 1846 347 1907 utilis
367 1844 536 1924 admonitio,
561 1846 705 1930 prohiberi
724 1867 742 1908 u
760 1845 841 1908 nobis
861 1846 917 1908 Dei
935 1849 1087 1925 auxilium,
1107 1853 1174 1930 quia

34 1870 195 1988 diffidimus
214 1925 276 1986 eius
297 1925 538 2008 promissionibus,
558 1946 611 1987 uec
630 1945 699 2011 proc
716 1925 842 1987 tumultu
860 1927 985 2066 patimur
1004 1927 1039 1988 ad
1059 1945 1112 1988 nos
1127 1949 1171 1988 ua·
1266 1937 1274 1954 ⁸

40 2025 105 2086 qne
124 2007 209 2066 duero
229 2005 363 2086 gratim,-
378 2025 452 2085 quae
472 2005 618 2066 silentibus
638 2011 681 2067 est
699 2005 831 2088 reposita.
885 2005 919 2066 ed
940 2007 1007 2086 quid
1028 2006 1080 2066 siti
1100 2009 1173 2082 vult,

36 2095 77 2148 s'n
95 2088 188 2148 nertio
205 2085 325 2167 impii?
351 2103 387 2145 an
408 2085 486 2165 quod
504 2085 564 2146 illic
582 2091 694 2162 lautum
712 2105 793 2167 spem
812 2103 893 2148 suam
912 2085 1035 2146 olucdul
1054 2085 1172 2149 fideles?

81 2187 133 2226 um
146 2170 241 2226 sutem
262 2165 383 2244 quisquo
402 2164 519 2226 domum
538 2183 620 2226 auam
639 2173 714 2228 esset
732 2184 877 2242 reversus,
889 2184 1009 2246 sperare
1021 2165 1172 2228 desierint?

33 2187 102 2306 fiilio
127 2251 236 2306 certum
262 2249 305 2304 est
324 2263 404 2324 spem
423 2243 580 2327 intemplo
601 2251 768 2326 conceptam
788 2243 904 2305 domum
923 2245 1066 2322 retulisse,
1090 2249 1170 2308 utin
1215 2309 1216 2316 ,

35 2345 73 2385 ea
99 2329 262 2394 constanter
286 2325 402 2383 dorent.
441 2321 550 2384 Verum
577 2325 642 2404 quia
667 2325 834 2405 promiserat
853 2323 948 2396 Deus,
973 2324 1069 2386 locum
1085 2327 1168 2388 illum

35 2405 90 2466 ubi
114 2407 308 2480 invocaretur,
333 2403 429 2462 sedem
453 2410 482 2464 et
506 2403 680 2464 domicilium
705 2405 818 2465 virtutis
837 2412 867 2464 et
885 2407 991 2484 guallos
1010 2425 1079 2466 suae
1097 2406 1169 2482 loro,

36 2504 118 2546 nnuc
136 2485 233 2544 dicunt
252 2481 349 2543 lidelcs
368 2501 399 2542 ae
418 2483 535 2543 oraculo
554 2481 604 2543 illo
622 2483 726 2560 fretos,
741 2503 799 2545 nou
819 2479 962 2544 dubitasse
1003 2485 1051 2547 uiu
1070 2484 1169 2552 sch·
1274 2558 1276 2563 Ι

37 2584 76 2626 us
95 2561 302 2626 misericordem
321 2568 351 2624 el
368 2564 523 2646 propitium
543 2563 713 2648 ostenderet,
731 2565 797 2644 quia
816 2571 925 2624 certum
945 2506 1166 2647 haberentprac-

37 2645 146 2705 sentiae
164 2645 225 2704 eius
243 2643 360 2724 insigne.
380 2639 483 2724 Neque
501 2644 577 2703 eninr
596 2649 726 2703 nostrum
746 2649 789 2704 est
809 2663 845 2706 ex
865 2645 982 2724 proprio
1002 2647 1167 2710 sensuimu-

61 2725 139 2800 'nari,
156 2721 253 2786 Deum
272 2721 334 2782 fors
352 2720 435 2782 nobis
453 2720 643 2798 liberatorem,
663 2721 711 2782 sed
753 2728 871 2784 rutenus
890 2725 965 2785 ultro
985 2743 1016 2784 se
1028 2724 1166 2786 nobisol·

38 2745 105 2866 fert.
142 2801 202 2863 lam
227 2802 255 2860 si
274 2799 425 2862 umbratile
449 2801 519 2861 illud
543 2802 718 2881 pmeaeutias
771 2802 796 2862 ci
821 2801 985 2882 symbolum
1010 2803 1064 2864 sub
1091 2802 1166 2886 Lege

39 2883 134 2944 valere
152 2901 187 2944 co
206 2885 299 2960 usque
319 2879 430 2957 debuit,
455 2887 489 2941 ut
508 2883 597 2942 vitam
616 2887 762 2964 sperarent
779 2880 876 2942 fidelos
895 2883 925 2944 iu
945 2882 1037 2944 medio
1056 2891 1163 2945 morte:

11 3007 18 3022 .
39 2983 128 3044 mum
151 2961 188 3022 ad
211 2979 264 3020 nos
284 2959 459 3022 descenderit
478 2959 623 3034 Christus,
648 2967 681 3022 ut
700 2961 791 3022 multo
810 2961 921 3042 plenius
940 2981 993 3022 nos
1012 2961 1091 3024 Patri
1110 2983 1164 3024 suo
1195 2985 1196 2990 ¹

39 3045 235 3124 coniungeret,
254 3041 385 3120 quamvis
405 3060 518 3100 sursum
532 3059 573 3102 oe
592 3041 729 3102 deorsum
745 3041 896 3102 misceatur
914 3041 1066 3118 muudum,
1089 3043 1164 3104 iusta

38 3122 120 3183 nobis
142 3119 302 3203 quiescendi
328 3127 412 3180 musa
431 3126 483 3180 est.
522 3119 654 3182 'lantum
671 3119 762 3182 danda
786 3127 829 3182 est
849 3140 949 3203 opera,
974 3127 1007 3184 ut
1025 3141 1114 3202 purus
1133 3123 1169 3184 ct

39 3199 425 3344 ippllpperpopudtuos'vigcat
439 3198 495 3262 Dei
514 3199 615 3281 cultus,
635 3221 693 3282 quo
713 3201 851 3284 templum
870 3202 931 3264 cluo
949 3203 980 3264 ln
997 3203 1092 3288 mcdip
1111 3222 1161 3266 no·

111 3302 142 3343 rc
249 3321 257 3341 .
550 3325 564 3338 -.
742 3321 746 3334 ·
789 3297 793 3308 ·
853 3322 856 3333 a

117 3281 278 3425 wplp'ppm
296 3375 402 3423 nomes
419 3371 512 3424 tuom.
557 3361 682 3442 Quidam
705 3361 784 3424 huuc
804 3382 916 3426 versum
940 3381 1006 3425 cunr
1029 3362 1161 3444 proxima

40 3442 180 3508 sententia,
191 3447 361 3502 contexunt:
380 3444 441 3501 acsi
458 3444 566 3502 dietum
585 3449 673 3518 esset,
696 3441 834 3521 Domine,
857 3451 890 3504 tn
909 3464 969 3505 uon
988 3443 1093 3504 frustm
1111 3463 1163 3504 uo·
1243 3479 1248 3487 ·

41 3541 105 3585 meu
121 3530 203 3582 tuum
221 3519 266 3580 vis
285 3519 432 3582 celebrmi:
453 3523 519 3602 quio
538 3522 623 3581 simul
643 3523 807 3605 suppeditas
825 3525 971 3584 materiam
991 3522 1091 3584 laudis.
1120 3521 1163 3584 lta

42 3619 137 3664 seusus
160 3601 228 3676 orit,
252 3619 357 3660 nomen
371 3601 433 3660 ·Dei
453 3601 608 3683 praedicuri
627 3622 693 3662 cum
718 3603 842 3664 effectus
860 3603 907 3662 vel
926 3605 985 3664 eius
1006 3605 1163 3684 potentiam

41 3683 121 3742 simul
141 3701 207 3740 anus
232 3679 466 3762 promissionibus
489 3687 609 3741 exstare
648 3681 712 3742 ·Alii
736 3683 822 3764 poulo
850 3685 976 3837 argutipp
1004 3689 1161 3764 exponunt,

43 3781 124 3844 opera
141 3759 196 3822 Dei
221 3777 468 3840 congruere··ourn
488 3761 603 3821 nomine
622 3761 698 3836 eius,
724 3765 790 3842 quia
810 3771 929 3822 vocetur
977 3770 1161 3844 &apolen-

44 3845 94 3916 tis,
114 3839 180 3902 dum
202 3859 235 3900 re
253 3840 316 3920 ipsa
334 3839 511 3901 demonstrat
529 3861 588 3901 uon
607 3848 714 3902 temore
732 3843 789 3902 boc
807 3862 911 3902 nomen
931 3842 983 3902 sibi
1003 3843 1090 3902 luisse
1109 3843 1162 3900 bu·

42 3923 172 4003 positum,
196 3919 247 3980 sed
265 3937 363 3980 veram
381 3919 559 3980 nodabilem
577 3921 692 3982 lundam
710 3921 804 3982 tribui.
843 3919 927 3985 Prior
944 3921 1102 4004 expositio,
1126 3923 1162 3979 si·

42 4003 96 4062 cuti
105 4004 198 4062 minus
212 4001 309 4060 moota'
327 4005 381 4076 est,
400 4001 441 4058 itu
454 4000 571 4080 propius
584 4000 694 4061 accedit
706 4001 742 4060 sd
759 4000 844 4061 rerba
858 4009 888 4061 ct
902 4009 1023 4062 ruentem
1034 3997 1159 4080 Prophe·
1274 4017 1277 4025 ·

43 4087 92 4153 lac,
109 4079 201 4141 Deum
221 4079 327 4139 scilicet
345 4100 365 4139 o
385 4079 479 4139 eribus
498 4081 605 4156 testari,
624 4100 656 4140 se
674 4081 856 4142 nonlruslru
867 4081 930 4141 coli
950 4079 1026 4160 apud
1041 4079 1161 4140 ludaeos

44 4181 91 4240 pro
114 4178 180 4220 reso
203 4160 337 4218 et'nnico
356 4100 431 4220 lieo.
458 4157 530 4218 oso
550 4159 618 4220 dum
639 4161 805 4242 particulam
824 4161 955 4241 expendo
975 4177 1049 4238 quaa
1067 4161 1158 4239 sequi-

45 4247 93 4316 tur
111 4245 203 4322 Sopor·
220 4247 352 4306 ebtrosso
370 4248 476 4314 rme,
496 4237 553 4300 Pro
573 4239 669 4300 helam
688 4241 765 4300 aliud
785 4240 860 4300 rolla
878 4241 1023 4312 existimo,
1048 4257 1159 4318 nempe,

46 4337 203 4402 motumque
224 4319 385 4404 personarit
402 4319 529 4400 muniris
597 4319 604 4336 '
625 4319 713 4396 busa,
736 4322 900 4404 cognituros
919 4318 1047 4380 bominac
1065 4319 1161 4400 ipsum
