2804 4890
1085 55 1115 98 r

467 269 701 323 ιἰιϊιιιιι.
728 279 833 322 xxxin
926 277 930 284 ·
1159 282 1214 341 235

156 403 314 487 inscriptio
336 410 450 488 gustum
475 403 600 486 aliquem
623 403 783 486 crgnmmti
801 402 928 485 prsebot.
957 403 1093 486 Quidam
1112 415 1216 492 putent
1346 487 1348 490 .

60 503 185 546 nornen
206 486 354 563 filiam,
373 506 411 546 ex
430 505 516 546 versu
535 485 564 548 7.
585 484 767 564 desumptum
792 503 867 544 esse:
892 483 943 545 sed
966 490 1071 548 nectito
1093 495 1151 564 est,
1176 509 1215 552 ex
1292 505 1298 518 ¹
1392 525 1393 534 ι

62 573 139 627 toto
160 572 307 640 ‚conwssu
331 565 417 626 inisse
441 565 559 646 Psalmo
582 565 756 645 impositum.
801 562 898 624 David
922 567 998 626 enim
1021 575 1089 648 pust
1112 570 1215 650 longos

61 653 99 706 et
122 645 278 706 horribiles
297 647 453 720 crncictus,
473 665 563 727 quum
575 641 664 740 'Deus
690 644 843 726 proponitis
862 645 921 704 irae
939 665 1008 706 suec
1027 649 1127 728 signis,
1144 669 1216 708 eum

61 723 1216 890 delectactionemticinensem

61 888 164 967 uipno
190 885 290 944 salutis
313 885 414 965 cupite.
454 883 531 964 Quin
556 886 633 945 euim
657 883 721 944 lieri
742 903 800 942 non
827 889 922 978 potest
946 887 1015 1022 qqin
1040 889 1141 947 misere
1160 895 1216 948 tre·
1333 930 1335 936 ι

53 967 179 1048 ΔΡὶιῐειιῑ
198 965 292 1024 cuncti
315 965 462 1038 monetes,
493 965 584 1024 donec
608 971 686 1025 certo
710 965 932 1044 persuasioni,
987 985 1053 1026 eum
1077 967 1129 1026 sibi
1154 987 1217 1028 esso

61 1046 245 1127 propitium,
264 1043 320 1119 vot,
339 1045 419 1124 qnod
429 1045 552 1105 deterius
566 1051 618 1119 est,
638 1062 670 1104 se
686 1041 910 1124 ipsosetDcum
921 1043 1011 1119 obliti,
1030 1048 1060 1106 in
1071 1047 1216 1108 mortifero

62 1133 199 1208 stupore
216 1125 343 1184 incerat:
361 1143 420 1184 non
440 1125 506 1186 alibi
525 1143 613 1205 qoem
632 1125 662 1184 iu
682 1117 810 1204 &uiuite
828 1129 1012 1204 peccatorum
1020 1127 1114 1201 venie,
1133 1129 1217 1186 sitem
1265 1129 1275 1186 ’,

64 1225 138 1266 esse
158 1205 326 1264 felicitatem
345 1204 441 1265 docet:
465 1205 532 1285 quic
556 1221 611 1265 nec
634 1205 788 1284 quicquum
808 1205 937 1264 miserius
957 1209 1001 1265 eit'
1013 1225 1101 1286 φιιιιι
1120 1203 1217 1268 Deum

65 1285 186 1350 hebere
211 1283 379 1360 adversum,
403 1303 459 1348 nec
481 1284 564 1344 aliter
589 1283 671 1344 nobis
690 1283 831 1366 propitios
851 1285 902 1358 eit,
922 1303 1010 1365 quam
1030 1285 1080 1346 obi
1099 1293 1217 1369 patema

64 1365 256 1444 indulgentia
280 1366 404 1444 pecudis
422 1365 527 1426 nostris
546 1366 678 1446 ignoscit.
943 1387 947 1411 ¹

159 1450 188 1506 1.
209 1447 301 1504 Bruti
319 1446 430 1527 φιίῠιιι.
469 1443 542 1504 'lum
566 1443 733 1505 exardenti
753 1442 848 1504 cordis
867 1443 985 1519 affectu,
1009 1463 1097 1526 quum
1117 1465 1154 1506 ex
1173 1464 1216 1506 sc·

67 1526 115 1586 ria
133 1523 321 1584 meditatione
334 1525 458 1608 erumpit
471 1525 501 1585 in
517 1525 591 1584 hanc
600 1523 844 1586 exclamationem.
865 1521 939 1584 Nom
956 1545 1047 1604 quum
1065 1531 1142 1585 totns
1157 1525 1235 1587 icie-

67 1601 289 1665 mnndneaDei
297 1605 400 1665 indicio
410 1623 510 1666 sensus
518 1625 585 1666 snos
594 1610 735 1678 ινιιῐοιιι,
745 1603 918 1664 mortiferam
929 1604 981 1668 sibi
993 1605 1165 1674 oblivionem
1174 1607 1216 1666 in-

68 1688 174 1760 ducat,
184 1683 320 1764 telsisqnc
330 1683 435 1745 deliciis
447 1705 479 1746 se
489 1685 621 1746 inebriet:
631 1683 727 1744 David
737 1683 819 1743 sicuti
829 1684 888 1743 irco
898 1682 953 1744 Dei
963 1691 1041 1745 metu
1051 1685 1144 1750 inerat
1153 1703 1218 1766 per-

69 1765 186 1840 culsus,
197 1771 231 1824 ut
240 1765 276 1824 nd
291 1765 480 1862 quaerendem
495 1764 718 1860 misericordium
727 1781 758 1822 se
766 1764 918 1834 conltrret,
930 1764 1000 1824 alios
1010 1767 1094 1827 etiam
1105 1765 1180 1862 clara
1190 1771 1220 1824 at

69 1842 1219 2008 ‘tt'tJttttittttt‘attigisti,‘tittlttttttttlttt

106 2005 310 2066 emeteientem
320 2003 1078 2092 altoshypocrisisetsuperbinexcoeoetnlioscrcssus
1086 2003 1213 2072 Deicon·

74 2092 217 2167 temptas,
226 2091 261 2144 nt
270 2083 307 2144 de
315 2087 570 2166 quaerendayeuie
580 2087 695 2146 minime
705 2083 819 2144 solliciti
829 2085 897 2144 sinte
909 2084 1039 2145 intentur
1048 2091 1144 2146 tamen
1156 2104 1219 2144 om-

70 2185 132 2227 nes
152 2165 236 2224 venie
256 2165 309 2224 sihi
329 2185 403 2248 opus
423 2180 500 2226 esse:
521 2185 574 2227 nec
593 2184 663 2232 sane
682 2165 835 2245 quisquam
854 2170 897 2224 eet
918 2185 1004 2244 quem
1024 2185 1083 2226 non
1103 2165 1139 2226 ed
1161 2163 1218 2224 Dei

70 2243 207 2307 tribunal
221 2252 338 2305 accuset
348 2249 464 2328 propria
479 2247 666 2320 conscientia,
687 2245 842 2324 multisque
856 2245 977 2304 stimulis
993 2251 1110 2327 punget.
1136 2243 1220 2304 Hunc

70 2327 168 2408 igitar
190 2324 400 2386 contessionem
425 2327 552 2407 profanis
577 2343 695 2408 qnoque
720 2323 882 2384 hominibus
907 2329 1061 2406 extorquet
1084 2327 1145 2406 ipse
1170 2343 1219 2384 na-

67 2414 159 2478 tura,
182 2403 261 2482 Qun'n
285 2425 370 2466 nemo
391 2406 532 2488 perlectus
552 2414 612 2479 eet,
637 2405 823 2465 necessarium
853 2405 986 2464 omnibns
1010 2425 1071 2465 esee
1090 2405 1219 2464 veniam:

72 2505 113 2546 ec
137 2492 203 2546 tum
228 2485 344 2544 demum
362 2485 507 2567 praeclare
527 2487 674 2546 nobiscnm
694 2485 754 2566 agi,
819 2503 867 2542 um
888 2492 1004 2565 peccatu
1024 2483 1105 2545 Dens
1124 2485 1220 2544 remit·

70 2569 123 2626 tit
164 2563 225 2625 Sed
242 2565 350 2626 interea
370 2565 467 2625 multis
486 2567 635 2646 caliginem
654 2564 771 2624 obducit
810 2565 966 2643 ypocrisis,
984 2565 1091 2625 multos
1111 2563 1220 2624 demul-

73 2653 125 2707 oet
145 2661 282 2726 perverse
301 2646 393 2705 cernis
412 2647 561 2722 securitas,
580 2653 614 2706 ut
632 2645 713 2705 nullo
733 2642 896 2724 sntlrigido
915 2644 974 2703 iren
987 2643 1043 2704 Dei
1058 2663 1142 2704 sensu
1156 2651 1220 2704 tan·
1332 2667 1343 2676 ·
1392 2655 1393 2662 ’

10 2789 11 2792 ,
75 2733 195 2804 gentian.
237 2723 275 2784 Et
299 2725 407 2786 secedit
431 2725 539 2807 duplex
559 2745 652 2802 error,
678 2723 757 2805 qnod
776 2731 891 2803 peccate
911 2741 963 2784 sne
982 2743 1081 2786 omnes
1098 2730 1220 2784 extenu-

75 2813 137 2880 ant,
157 2823 214 2865 nec
234 2807 387 2866 centesima
406 2823 444 2865 ex
462 2813 545 2887 purte
560 2812 695 2886 reputant
710 2821 796 2882 quum
812 2803 944 2864 sintDeo
959 2805 1086 2865 obnoxii.
1106 2803 1220 2864 Deinde

74 2885 199 2946 frivolas
220 2885 273 2944 nbi
292 2887 468 2966 expletiones
486 2885 609 2966 lingunt,
629 2883 732 2966 quibus
752 2901 786 2942 se
809 2905 824 2941 u
845 2901 922 2942 noxe
946 2883 1079 2958 liberent,
1104 2882 1221 2964 Deique
1284 2943 1291 2958 ,

78 2967 204 3046 gratiam
223 2965 374 3025 redimam.
406 2965 449 3024 lte
469 2965 601 3026 omnibus
621 2963 724 3024 reculis
743 2958 863 3044 passsim
882 2963 1004 3023 invaluit
1023 2959 1232 3043 heec'opinio‚'

75 3045 226 3125 *Quamvis
250 3045 355 3128 singuli
377 3047 455 3105 neiis
478 3045 622 3118 laborent,
647 3043 732 3103 simut
756 3047 851 3100 tamen
877 3049 992 3102 ornatos
1016 3061 1078 3104 esse
1104 3045 1220 3116 meritis,

79 3145 156 3208 quse
174 3125 233 3184 iltis
259 3126 378 3205 gratiam
403 3127 556 3186 concilient
580 3143 677 3188 ocrem
697 3121 776 3182 Deo:
802 3120 903 3181 deinde
923 3125 1053 3204 quumvis
1072 3123 1144 3182 iram
1165 3121 1222 3182 Dei

74 3212 242 3289 provocent
268 3207 326 3264 suis
351 3205 474 3278 delictis,
500 3207 530 3264 in
560 3210 698 3288 promptu
722 3221 785 3262 esse
809 3202 935 3282 piacula,
961 3209 991 3263 et
1016 3203 1221 3263 satisfactiones

100 3287 185 3346 totns
206 3303 238 3346 se
257 3285 414 3345 absolvant
454 3285 643 3366 Atqucuhsec
662 3283 785 3344 Satanae
805 3284 963 3362 impostnru
982 3285 1172 3344 communiter
1191 3283 1221 3342 in

77 3309 221 3448 depictio,
244 3365 360 3440 Turni,
384 3372 414 3426 et
432 3363 528 3425 ludaei
549 3407 557 3437 ,
581 3365 701 3444 ollisque
727 3361 857 3460 pentibus
876 3369 985 3444 regnet.
1025 3363 1124 3443 ltaque
1144 3365 1221 3443 quis-

78 3449 144 3527 quis
164 3465 226 3505 non
238 3445 352 3505 turicas
372 3445 494 3506 ementin
514 3385 647 3526 adreptus
667 3444 752 3503 luent
770 3444 800 3502 in
820 3439 941 3524 Pepntu,
962 3445 1129 3504 sententiam
1147 3443 1222 3503 hanc

76 3527 226 3599 admittet,
245 3525 368 3586 Miseros
386 3543 449 3585 esse
470 3525 615 3598 homines,
637 3525 691 3584 nist
711 3521 851 3584 cumillis
872 3523 1026 3584 clementer
1045 3531 1111 3604 egat
1131 3521 1223 3599 Dens,

168 3614 198 3665 ta
218 3625 278 3666 non
297 3605 473 3686 imputando.
517 3603 577 3663 Sed
600 3605 713 3685 longius
737 3619 903 3684 progressus
928 3610 972 3664 est
995 3602 1107 3679 David,
1131 3609 1222 3664 totem

100 3689 232 3746 ominum
252 3686 341 3744 ritem
360 3687 420 3744 irae
444 3692 473 3744 et
492 3683 688 3746 'maledictioni
714 3683 770 3742 Dei
799 3680 963 3760 subiiciens,
995 3685 1050 3744 nisi
1079 3691 1221 3781 qnatenus

76 3783 159 3826 mern
187 3767 277 3846 grstia
295 3755 377 3824 Dede
400 3765 437 3824 nd
462 3781 494 3824 se
516 3762 643 3846 recipere
673 3765 819 3844 dignetur:
849 3764 930 3822 cuius
955 3765 997 3824 rei
1021 3763 1146 3845 Spiritus
1171 3764 1222 3842 qni

75 3845 133 3928 p'er
153 3841 296 3906 Davidem
315 3842 453 3926 loquutus
476 3837 534 3918 est,
558 3863 610 3926 pen
634 3863 667 3903 os
687 3841 784 3919 Ponti,
807 3843 891 3906 Rom.
912 3843 944 3918 4,
961 3847 989 3908 6.
1014 3839 1121 3922 certusI
1138 3843 1222 3904 nubis

79 3932 125 3986 est
144 3916 293 4006 interpres'
311 3943 345 3986 ec
363 3923 454 3984 testis.
494 3921 556 3984 Nisi
577 3943 643 3984 usus
658 3919 829 4006 luissethuc
843 3921 1005 3985 testimonio
1018 3923 1136 3997 Paulus,
1150 3939 1248 4002 nun-x

123 4023 170 4066 ιιιι
191 4007 228 4064 ad
247 4005 399 4084 genuinam
425 4003 482 4064 Pro
504 4003 587 4066 hetae
611 4009 735 4065 mentem
760 4011 956 4082 penetrassent
979 4005 1114 4066 lectoren
1139 4004 1223 4064 sicuti

107 4087 217 4168 epistae
236 4084 303 4145 licet
322 4085 468 4144 cuntittent
486 4103 517 4144 m
536 4075 651 4165 templis
670 4087 741 4164 ιιιίι,Δ
757 4083 839 4146 Beati
858 4103 983 4165 qnorum
1002 4086 1136 4156 remissae
1155 4089 1224 4143 eunt

79 4167 262 4246 iniquitaten,
285 4171 382 4224 tamem
407 4165 490 4245 qussi
512 4165 632 4245 vulgate
655 4165 784 4246 ntiquod''
797 4163 926 4245 lenisque
951 4165 1089 4225 momenti
1113 4163 1222 4226 dietum

79 4251 275 4328 proeterennt.
320 4244 418 4322 Atque
443 4243 631 4310 Perdetheeo
654 4245 756 4326 pluens
779 4253 833 4306 est·
848 4247 971 4306 iustitiae
994 4243 1061 4304 tidci
1086 4241 1222 4317 delinitio,

81 4326 141 4386 acsi
160 4325 280 4384 dixisset
290 4321 444 4404 Propheta,
464 4329 535 4384 tono
554 4325 670 4384 demunt
689 4325 789 4388 beatos
807 4343 869 4386 esse
888 4325 1026 4399 homines,
1044 4331 1137 4404 *quum
1157 4322 1223 4382 Deo

82 4403 375 4488 manuninum,
395 4421 449 4488 pro
467 4404 549 4466 insite
572 4411 733 4472 censemur.
773 4403 852 4468 Haeo
875 4403 962 4487 igitur
976 4401 1123 4466 beatitudo
1136 4419 1224 4486 quem
1250 4477 1253 4486 ,
1283 4435 1295 4458 .
