2818 4886
193 294 246 351 132
605 241 636 334 ἰ.
663 289 904 352 cassinus

193 417 239 512 git
267 415 404 508 populos
425 411 486 480 sub
511 433 574 482 me.
627 403 681 478 49.
705 407 872 479 Liberntor
893 429 985 477 meus
1011 408 1050 476 ab
1076 405 1211 476 inimicis
1232 408 1330 476 ands:

197 521 292 592 etiam
314 521 353 589 nb
374 517 425 586 bis
446 516 502 608 qui
524 525 633 586 eontra
654 539 707 584 me
730 515 965 584 insurrexerant
985 512 1124 583 extitisti
1138 537 1203 598 me,
1224 513 1330 584 aviro

194 627 336 697 violento
362 623 471 692 eruisti
497 645 559 690 me.
604 623 657 691 50.
680 622 851 714 Propterea
878 621 1042 690 celebrabo
1063 631 1096 688 te
1117 619 1151 688 in
1172 620 1331 688 Gentibus

141 717 145 725 ¹
194 733 326 816 lehova,
351 740 384 798 et
405 727 526 798 nomini
546 738 603 798 tuo
627 751 747 799 oanam.
792 729 845 796 51.
866 725 1069 820 Magnificam
1091 724 1210 796 salutes
1232 725 1331 818 Regis

165 825 244 907 ‘sni
256 833 303 907 ¹¹ot
326 846 487 928 praestans
514 813 758 924 misericordiam
779 829 907 904 Christo
934 855 994 902 suo
1017 820 1140 901 Davidi
1157 842 1191 901 et
1212 831 1330 901 semini

150 927 170 996 .'
194 943 263 1015 eius
283 943 316 1012 in
337 951 536 1034 perpetuum.

170 1145 173 1154 '
206 1112 210 1124 ⁵
273 1133 322 1198 47.
347 1133 562 1194 Vientieiooo.
586 1127 619 1192 st
633 1131 725 1214 planet
739 1132 769 1194 in
784 1129 901 1214 optandi
915 1131 1001 1194 morio
1015 1131 1118 1214 iopes,
1132 1127 1327 1192 VivatDeus:

193 1232 294 1298 aspera
317 1213 542 1352 eritpoqnutio,
567 1230 656 1352 ‘1⁰:¹3¹
679 1209 973 1352 tlpmscnmsppplppanpip
987 1211 1327 1352 ippffibnbpnpansstip

192 1299 760 1435 iginiiiainiubobbiiiibbmsbbieiiiaiibbe
783 1389 851 1432 suos
875 1371 962 1431 duces
984 1372 1015 1430 in
1038 1371 1158 1432 sublime
1177 1311 1327 1441 exlioiierb:

99 1457 102 1466 “
192 1455 331 1515 ita'esset
354 1452 436 1547 quasi
458 1451 630 1591 triumlpbais
649 1449 785 1548 elogium:
822 1447 888 1510 Non
907 1451 985 1546 malo
1000 1456 1096 1513 tamen
1115 1449 1239 1530 quidm
1258 1449 1326 1508 sim·

192 1533 262 1614 plex
287 1530 439 1591 aiiirrnatro
499 1549 515 1590 e
565 1530 630 1591 avrti
644 1535 815 1614 proueniret
833 1527 929 1592 Deum
948 1549 1055 1602 uvore,
1073 1528 1130 1588 boe
1149 1535 1195 1590 est
1213 1527 1327 1590 numa

122 1663 133 1684 ,
192 1614 299 1708 virtute
317 1627 380 1672 esse
397 1627 466 1748 prae
487 1611 567 1670 itum.
596 1609 741 1707 Ceterum,
759 1612 824 1706 vita·
839 1608 910 1670 bueo
923 1608 960 1670 ad
975 1608 1031 1676 Dei
1045 1609 1197 1704 essentiam
1209 1627 1269 1703 pon
1282 1627 1326 1667 re·

192 1695 347 1771 stnngstnr,
366 1707 396 1750 se
436 1695 530 1770 ponus
550 1707 588 1752 ex
607 1689 740 1772 operibns
755 1687 928 1750 aestimanda
946 1695 990 1750 est
1004 1707 1078 1769 quae
1091 1693 1180 1750 vitam
1194 1705 1255 1746 erus
1270 1705 1324 1746 no-

66 1784 69 1798 ¹
191 1769 236 1832 bis
255 1767 445 1833 manifestant.
464 1765 557 1828 Simui
576 1769 652 1830 enbn
671 1789 706 1830 ae
724 1770 859 1830 virtutem
878 1767 1015 1830 suamab
1035 1767 1125 1828 oeulis
1140 1767 1246 1827 nostris
1258 1765 1322 1826 snb·

192 1850 283 1923 (insit,
301 1849 444 1910 evanescit
461 1849 548 1914 etism
567 1867 604 1910 ex
623 1849 724 1910 animis
741 1867 841 1908 sensns
859 1865 895 1908 ao
912 1848 1013 1908 notitia
1031 1849 1108 1908 ritae
1126 1847 1197 1906 eiu.
1227 1844 1325 1926 ltaque

192 1930 290 1990 vivers
316 1928 436 2000 dieitur,
459 1935 601 2008 quatenu
625 1928 707 1988 dans
730 1928 875 2009 potentiae
897 1945 966 1988 sune
989 1925 1166 1988 documentis
1185 1925 1327 1986 mundana

193 2027 246 2068 sua
264 2026 352 2076 manu
370 2007 507 2066 oontineri
531 2007 715 2070 demonstrat.
755 2006 837 2068 liano
855 2005 913 2066 Dei
931 2007 1020 2066 vitam
1039 2007 1106 2086 quia
1125 2005 1325 2088 experimento

193 2091 321 2184 peremi
339 2083 453 2180 David,
476 2083 608 2146 laudibus
626 2092 656 2146 et
674 2087 829 2180 gratiprnm
848 2087 962 2182 aptione
978 2086 1167 2167 prosequitur.
1208 2082 1284 2180 Narp
1303 2085 1328 2144 ai
1397 2139 1398 2160 ,

191 2163 664 2322 ussuusistesu
678 2162 1327 2323 „interserebatur

191 2325 229 2383 tis
252 2341 343 2382 meus.
387 2319 449 2380 iam
471 2319 600 2402 epitheto
619 2323 730 2404 [ωἰἰε,
755 2319 857 2382 deinde
880 2321 1046 2395 sensuris,
1072 2317 1222 2380 ooniirmnt
1246 2323 1327 2400 qnod

191 2403 271 2485 prins
291 2400 361 2475 dixi,
379 2396 477 2460 Deum
495 2419 554 2460 non
573 2399 648 2462 aiam
666 2401 763 2462 rivere
781 2402 810 2462 in
831 2419 862 2460 se
880 2401 945 2540 ipso
964 2400 1111 2474 dnnuxst,
1130 2398 1181 2459 sesi
1195 2400 1327 2478 vigorem

192 2500 278 2542 snum
295 2479 423 2562 proferre
440 2479 473 2540 in
529 2479 694 2542 bematione
713 2481 801 2542 totius
819 2499 889 2540 mun
910 2481 927 2540 '-
948 2483 1013 2550 ’1Ἱῖ
1032 2481 1109 2542 enim
1118 2479 1269 2540 sensuve
1280 2479 1327 2540 bio

191 2561 309 2644 ponitur
326 2577 381 2641 pro
400 2577 436 2619 eo
456 2577 495 2639 qn
525 2559 614 2620 robur
628 2557 747 2620 confert
871 2591 880 2608 ι
1110 2577 1115 2586 ·

274 2639 323 2702 48.
342 2641 427 2700 Deos
445 2647 497 2720 pot
516 2640 568 2721 dot
593 2641 746 2700 unitam
785 2637 896 2700 Rursus
914 2645 1045 2722 aeaeptas
1063 2637 1129 2700 Deo
1147 2635 1235 2700 refert
1254 2657 1327 2719 quas

192 2718 313 2816 adeptus
336 2725 381 2778 est
404 2717 551 2792 victorias,
575 2720 649 2778 sieut
672 2719 747 2778 enim
760 2725 914 2800 'nunquan
933 2737 982 2780 ees
1000 2724 1143 2801 sperasset
1160 2719 1214 2778 nisi
1234 2717 1325 2780 iratus

191 2797 250 2860 Der
268 2797 389 2858 auxilio:
407 2797 449 2856 ita
466 2815 545 2858 nuno
564 2797 686 2858 enodem
705 2801 832 2880 agnoseit
852 2801 967 2872 unicum
986 2807 1144 2860 sudorem:
1164 2815 1199 2858 ao
1217 2799 1256 2858 ns
1276 2797 1324 2858 de·

192 2877 335 2938 ionetorie
353 2875 444 2936 laudis
483 2883 574 2938 artem
593 2877 762 2960 adspergere
780 2878 926 2951 videatur,
950 2879 1052 2940 diserte
1075 2879 1178 2958 repetit
1202 2877 1275 2938 nibil
1295 2895 1327 2937 ae
1396 2897 1397 2930 i

193 2957 299 3018 babere
323 2957 378 3016 nisi
402 2895 482 3036 quoi
504 2955 603 3018 &tam
626 2964 679 3018 est.
718 2958 763 3018 Ao
786 2959 881 3039 primo
905 2957 1020 3040 quidem
1043 2958 1149 3018 fatetur
1167 2975 1199 3018 ss
1217 2959 1326 3018 virtue

192 3035 311 3134 pssimi
334 3034 425 3132 inisse¹
444 3035 628 3134 instructum,
651 3036 897 3134 niueisbostibns
917 3055 988 3118 qnos
1006 3039 1098 3098 meriti
1117 3043 1199 3097 erant
1217 3053 1328 3117 poenas

193 3111 1327 3278 tttsssittitttstffittti'ttiutttttti’sit

59 3283 63 3300 ·
194 3273 315 3334 voeotio.
341 3269 442 3352 Neque
467 3273 543 3333 enim
566 3275 692 3353 privatos
717 3274 805 3370 borno
825 3281 905 3372 erat,
921 3276 987 3374 sed
1002 3295 1056 3357 pro
1076 3277 1152 3356 regia
1171 3281 1326 3356 potestate,

194 3353 329 3412 iudicium
354 3349 432 3430 quod
454 3359 629 3431 exsequutus
654 3360 711 3428 esi,
736 3351 880 3414 Daumius
903 3375 930 3416 er
949 3362 1108 3416 euronotum
1127 3361 1197 3414 erat.
1238 3352 1326 3432 Quis·

194 3431 259 3512 quis
282 3431 376 3491 laesus
399 3425 457 3505 esi,
481 3431 506 3490 si
529 3431 565 3490 esi
589 3451 620 3492 ss
640 3433 831 3496 ulciscendum
851 3435 974 3515 prosilit,
999 3433 1056 3496 Dei
1074 3441 1169 3516 partes
1188 3438 1327 3513 oeoppat.

193 3513 299 3648 itaqnspl
309 3529 368 3606 nop
387 3509 448 3569 sine
460 3511 602 3649 :poppisga
620 3515 781 3610 teneritate
799 3513 893 3610 iiiatas
912 3514 965 3574 sibi
984 3515 1099 3574 iniurias
1111 3513 1249 3610 'retaiisnt
1268 3514 1325 3592 pri·

194 3597 489 3748 titutttttit,
509 3589 1329 3744 ,ititttttttttttttttttsitffi
1395 3699 1396 3730 f

195 3767 252 3829 qus
278 3747 417 3826 vindicias
442 3751 538 3830 posuit
557 3745 651 3810 David
671 3769 724 3832 pro
743 3753 823 3812 iustis
842 3753 942 3838 poenis
961 3771 1032 3832 quas
1051 3751 1108 3812 Dei
1126 3751 1263 3812 mandato
1283 3769 1329 3810 re·
1395 3741 1396 3762 ¹

194 3847 314 3910 poscere
342 3827 433 3888 licuit:
461 3829 548 3888 modo
572 3835 667 3890 tamen
691 3832 745 3890 rite
767 3833 926 3912 composito
950 3829 1073 3913 Spiritus
1097 3831 1160 3892 eolo
1184 3837 1330 3910 ageretur,

195 3927 255 3970 non
274 3907 365 3968 onmis
384 3908 502 3988 impetu.
542 3906 604 3968 Nisi
628 3910 703 3969 enim
722 3911 759 3970 ad
782 3913 962 3982 vocationem
984 3911 1049 3972 tatis
1067 3911 1331 3972 moderatioaooe·

197 3987 255 4062 dat,
273 3986 377 4064 frustra
396 3985 541 4048 iaotebunt
550 3985 642 4068 Reges
662 3989 714 4048 sibi
724 3989 861 4052 ultionem
877 4009 893 4050 a
909 3989 973 4052 Deo
987 3991 1164 4052 mandatam:
1183 3990 1251 4070 quia
1269 4009 1331 4050 non

195 4067 291 4126 minus
315 4073 528 4204 praeppstepom
552 4073 609 4141 est,
632 4069 770 4162 permisso
793 4069 888 4166 gladio
906 4069 943 4130 ad
962 4069 1332 4168 earnisniibidineprnabnti,

196 4163 287 4283 itit
302 4163 368 4283 tt:
383 4165 444 4284 ,113¹
458 4145 1100 4304 t¹t⁰stttt²0ti⁰itttttiffi
1117 4167 1333 4290 ‘stitit

197 4321 263 4362 mur
280 4301 422 4363 benefieiis
441 4309 548 4364 certare
566 4323 636 4364 enm
653 4303 791 4380 hostibus,
810 4327 864 4388 pro
883 4327 984 4369 eornm
1003 4327 1034 4369 sa
1046 4315 1095 4369 ute
1113 4309 1237 4390 precari:
1258 4327 1331 4386 ergo
1394 4319 1395 4334 ¹

199 4381 284 4444 simul
307 4383 429 4464 optanda
453 4383 509 4444 iliis
533 4389 578 4444 est
595 4383 801 4465 resipiscentia,
825 4394 855 4448 et
873 4390 978 4450 sanitas
997 4391 1113 4466 mentis,
1138 4390 1230 4450 donee
1250 4395 1334 4450 nerto
