2854 4886
172 272 192 332 4
597 268 616 310 1.
651 269 895 314 cuii-W!

257 395 369 477 Quinto
389 411 477 454 versu
498 389 643 474 Propheta
663 393 766 468 docet,
788 389 975 457 leticis¹vilac
992 401 1099 458 statum
1117 397 1147 458 in
1162 401 1242 459 recta
1255 415 1350 458 con·

182 481 313 544 amentia·
336 473 488 546 fundatum
516 491 598 534 esse:
627 471 751 554 ideoque
774 493 834 537 uon
859 493 923 536 esse
946 476 1052 538 mirum
1076 477 1100 537 si
1123 497 1161 538 cx
1189 475 1350 538 felicitate

159 569 269 642 'quom
289 553 341 616 sibi
360 552 506 634 imaginati
526 558 594 612 sunt
614 551 704 634 impii,
724 561 844 634 repento
858 553 1002 620 excidant.
1022 555 1129 618 Subest
1148 563 1243 618 autem
1258 576 1346 638 spe-

180 641 238 702 cies
258 635 462 698 concessionisr
487 634 545 692 acsi
564 633 655 692 tacita
668 632 805 712 lateretur
824 631 984 720 Pro'plreta,
1009 637 1113 718 impios
1133 635 1249 718 quidem
1271 635 1347 696 sibi

180 707 306 804 piabere,
331 731 458 793 suosque
477 711 640 792 triumphos
665 730 750 792 agere
770 715 907 791 quamdiu
926 735 972 776 res
986 717 1018 776 iu
1031 717 1139 776 muodo
1155 718 1345 778 miscentur:

181 797 264 862 nenti
283 797 408 856 latrones
427 794 457 852 in
477 791 567 872 sylvis
588 791 636 852 vel
655 791 798 874 speluncis
818 801 901 853 extra
919 795 1020 854 iudicis
1040 803 1226 878 conspectum
1242 797 1344 856 lasci-

181 881 276 941 viubtc
296 875 346 936 sed
364 893 411 935 res
430 892 488 932 non
510 891 622 952 semper
640 871 680 932 ita
699 873 761 931 lore
776 873 923 932 confusas:
945 875 993 933 ubi
1009 883 1105 936 autam
1120 878 1150 936 in
1165 875 1343 958 legitimum

185 959 321 1030 ordinem*
336 955 471 1015 reductae
491 952 612 1026 luerint,
636 971 703 1011 snas
720 953 816 1032 impiis
835 955 897 1012 istis
916 951 1032 1015 delicias
1050 973 1204 1018 exnrssnm
1223 947 1284 1030 iri,¹
1296 962 1343 1016 ut

184 1040 308 1100 sentiant
322 1055 353 1095 se
369 1033 463 1094 ebrios
481 1031 584 1105 luisse,
604 1031 673 1091 dum
692 1031 789 1092 felices
810 1033 864 1092 sibi
878 1033 933 1092 visi
947 1041 1023 1094 sunt
1048 1032 1186 1096 Videmus
1196 1055 1275 1096 nuuc
1297 1042 1343 1096 ut

182 1116 328 1200 Propheta
347 1113 465 1174 miseros
484 1129 545 1172 esse
563 1113 667 1194 impios
687 1120 807 1172 asserat:
832 1113 900 1194 quia
922 1111 1042 1174 felicitas
1069 1115 1187 1174 interius
1203 1117 1240 1176 sit
1257 1135 1339 1176 con-

185 1199 319 1260 scientiae
338 1193 456 1254 bonum.
495 1189 562 1251 Non
581 1197 682 1274 negat,
705 1199 860 1272 antequam
881 1199 1019 1278 cogantur
1038 1193 1076 1254 ad
1095 1211 1233 1269 examen,
1259 1215 1338 1278 pru-

184 1297 267 1362 sperc
291 1275 347 1336 illis
371 1271 520 1332 succedere
546 1273 654 1331 omnia:
680 1271 730 1334 sed
753 1271 849 1334 lelices
879 1291 941 1332 esse
966 1281 1066 1354 negat,
1089 1273 1145 1333 nisi
1164 1273 1255 1334 solida
1276 1293 1336 1334 eos

184 1365 215 1420 et
238 1357 320 1416 firma
345 1351 491 1434 integiitas
517 1351 668 1427 sustineat,
694 1370 762 1411 uam
782 1371 819 1411 ex
839 1353 1008 1434 probatione
1028 1355 1169 1414 iustorum
1190 1373 1257 1414 vera
1278 1355 1334 1414 de·
1404 1403 1420 1412 .

145 1443 147 1448 “
185 1455 267 1499 mum
286 1433 435 1515 integritas
455 1451 470 1491 a
494 1439 583 1512 paret.
613 1429 705 1492 Porro
726 1433 857 1510 quamvis
877 1431 1021 1496 Dominus
1040 1433 1185 1508 iudicium,
1207 1453 1264 1516 quo
1284 1435 1333 1494 iu-

186 1525 250 1586 stos,
272 1534 289 1574 a
312 1511 442 1596 reprobis
468 1453 615 1585 rllsomnit,
640 1511 767 1594 qnotidie
793 1517 940 1588 exarmet,
966 1515 1033 1594 quia
1056 1520 1153 1574 tamen
1177 1513 1208 1573 id
1230 1511 1264 1573 lit
1288 1533 1332 1576 ex

207 1599 413 1662 adulantum,
433 1591 518 1652 eitius
538 1591 639 1651 oculos
658 1591 791 1652 attollere
812 1595 960 1667 convenit,
981 1594 1005 1653 si
1024 1595 1156 1674 cupimus
1175 1593 1330 1654 enuntiem

185 1683 337 1748 rustorum,
357 1673 437 1732 cuius
456 1671 504 1730 hic
523 1670 556 1730 bt
571 1673 687 1745 mentio,
707 1675 845 1750 aspicere.
864 1671 967 1754 Incipit
981 1672 1096 1754 quidem
1110 1691 1186 1733 nunc
1200 1673 1326 1734 delinere
1411 1721 1417 1726 .

186 1757 340 1836 impiorum
363 1751 553 1832 prosperitas,
578 1753 690 1830 quoties
714 1753 759 1810 sui
783 1751 879 1811 iudicii
904 1753 984 1832 signa
1008 1752 1117 1834 prolert
1136 1751 1229 1827 Deus,
1252 1760 1324 1812 tunc

186 1837 262 1896 'euim
287 1853 323 1892 ex
345 1829 493 1913 ergalocti,
517 1829 607 1890 velint
631 1831 724 1890 nolint
743 1849 760 1890 a
780 1838 865 1890 coetu
883 1833 1024 1892 iustorum
1044 1850 1076 1892 sc
1095 1830 1220 1892 abdicari
1237 1851 1325 1914 agno·

132 1959 135 1974 r
186 1919 278 1975 scunt.
309 1853 367 1971 8121!
388 1911 533 1992 quianon
553 1927 666 1990 semper
685 1895 750 1984 bdc,
769 1929 863 1990 neque
882 1911 912 1970 in
933 1910 1065 1973 omnibns
1085 1913 1256 1994 completur,
1276 1929 1327 1992 pa·

145 2047 149 2052 .
186 1997 288 2055 tienter
308 1987 500 2072 expectandos
520 1995 564 2049 est
577 1985 695 2050 ultimae
709 1991 891 2050 revelationis
906 1991 979 2066 dies,
995 2009 1054 2074 qno
1070 1991 1229 2072 segregabit
1243 1991 1329 2052 Chri-

189 2081 250 2134 stus
270 2089 358 2152 agnos
379 2067 414 2130 ab
435 2067 542 2128 hoedis.
567 2067 743 2150 Quanquam
763 2070 918 2131 tenendum
937 2077 990 2148 est,
1011 2071 1179 2152 generaliter
1197 2073 1330 2131 miseriae

187 2151 278 2213 admei
297 2151 409 2232 impios,
430 2149 496 2229 quie
517 2151 596 2207 intus
614 2149 666 2234 sibi
685 2149 760 2208 male
779 2151 887 2210 conscii
906 2157 986 2210 sunt:
1006 2157 1036 2212 et
1057 2152 1168 2231 quotics
1183 2151 1329 2210 reddenda
1419 2205 1420 2214 ,

169 2239 233 2306 ,εει
263 2232 339 2290 vitae
364 2228 453 2302 ratio,
482 2233 617 2307 tanquam
643 2229 850 2312 expergefacti,
879 2231 1023 2291 somnium
1046 2229 1133 2304 luisse
1157 2229 1329 2312 intelligunt,

189 2309 267 2394 quod
288 2311 342 2370 sibi
361 2309 415 2370 visi
436 2313 502 2368 suut
522 2313 603 2368 extra
624 2311 732 2392 seipsos
750 2307 856 2370 felices.
887 2309 1055 2387 Caeterum,
1076 2312 1143 2391 qnia
1163 2331 1212 2370 res
1229 2311 1328 2370 viden-

188 2399 236 2452 tur
256 2389 372 2450 fortuito
392 2387 440 2447 hic
464 2388 585 2463 versari,
611 2405 666 2448 nec
691 2389 772 2472 facile
786 2397 831 2450 est
848 2389 877 2450 in
897 2391 1016 2451 confusa
1037 2391 1221 2472 permistione
1240 2409 1328 2472 agno-

189 2489 268 2532 scere
289 2467 367 2550 quon
387 2467 498 2528 dixerat
519 2465 677 2550 Propheta,
701 2469 767 2530 ideo
785 2489 840 2530 uos
860 2471 896 2530 ad
916 2470 992 2530 aliud
1011 2472 1182 2552 principium
1201 2475 1329 2546 revocat,

188 2547 285 2610 Deum
309 2547 415 2608 sm'licet
440 2567 502 2607 esse
526 2549 626 2608 mundi
650 2547 787 2626 iudicem,
814 2549 889 2610 unde
908 2551 1052 2631 sequitur,
1077 2549 1140 2610 lieri
1164 2569 1224 2610 non
1243 2569 1329 2631 posse

230 2632 259 2688 in
278 2630 362 2688 rectis
381 2635 410 2686 et
428 2628 510 2686 iustis
529 2625 601 2688 bene
621 2629 666 2702 sit,
684 2629 779 2710 impiis
798 2626 895 2690 autem
914 2632 1069 2712 pessimum
1084 2631 1204 2690 exitium
1219 2631 1328 2712 impen-

117 2715 121 2722 '
189 2651 261 2769 ppah
287 2707 429 2786 Quamvis
449 2727 518 2787 ergo
538 2707 567 2766 in
588 2709 713 2788 speciem
732 2707 802 2770 nihil
823 2709 879 2770 Dei
899 2709 1056 2770 cultoribus
1077 2712 1165 2792 prosit
1184 2727 1237 2770 sua
1257 2713 1328 2770 inte·

133 2781 146 2804 ⁴
190 2789 288 2870 gritas,
309 2788 377 2867 qnia
396 2793 492 2846 tamen
512 2789 661 2868 proprium
676 2787 733 2848 Dei
743 2809 847 2849 munus
862 2797 914 2864 est,
933 2791 1011 2871 ipsos
1026 2791 1108 2864 tucri,
1127 2797 1158 2850 et
1171 2809 1272 2850 eornm
1283 2805 1326 2850 sa-

188 2869 241 2928 luti
252 2867 409 2939 consulere,
419 2865 472 2926 sub
483 2867 543 2926 eius
553 2867 694 2964 praesidio
711 2868 806 2930 lelices
820 2889 883 2930 esse
896 2889 1013 2930 necesse
1029 2876 1082 2930 est.
1106 2868 1254 2932 luderano
1264 2889 1326 2930 rur·

189 2967 253 3007 sum
268 2947 404 3025 colligare
417 2946 493 3021 licet,
513 2965 581 3025 ana
599 2953 694 3007 certus
709 2955 753 3008 est
767 2951 907 3012 scelerum
920 2949 1006 3026 ultor,
1026 2951 1156 3031 quamvis
1166 2951 1203 3010 ad
1212 2957 1327 3032 tempus

189 3027 357 3098 dissimulet,
376 3025 493 3085 tandem
509 3025 686 3122 perditurum
702 3048 801 3090 omnes
820 3031 931 3110 impios.
952 3027 1051 3108 Quare
1060 3049 1097 3089 ne
1106 3029 1186 3091 fallet
1194 3049 1247 3090 nos
1256 3031 1325 3090 ima·

189 3107 296 3188 ginarm
321 3125 422 3166 eorum
447 3103 580 3182 lelicrtas,
605 3107 635 3166 iu
655 3107 740 3168 rebus
758 3108 880 3170 turbatis
899 3129 1012 3191 semper
1026 3109 1109 3170 nobis
1123 3117 1253 3173 occurret
1268 3107 1344 3168 Dei·
1418 3147 1419 3154 κ

188 3185 385 3268 providentia,
405 3185 487 3246 euius
506 3191 551 3246 est
570 3191 677 3248 statum
696 3187 795 3249 mundi
814 3189 851 3250 ad
869 3196 976 3252 rectam
995 3209 1126 3252 normam
1145 3207 1325 3274 componere.

555 3592 889 3670 PSALMUS
933 3599 970 3670 11.

187 3777 252 3820 Aac.
268 3773 386 3817 Gloriatur
402 3775 478 3818 Dauid
497 3789 585 3832 rm
601 3791 676 3836 usn,
694 3781 791 3836 queneto
803 3781 890 3836 ingesti
901 3783 997 3826 tostin
1008 3777 1146 3826 detrudit
1159 3789 1181 3828 et
1193 3781 1269 3827 oela'do
1277 3797 1321 3840 fo·

265 3846 335 3886 teatio
353 3853 503 3902 oppugnetur,
516 3847 574 3904 sore
586 3854 655 3892 tanen
664 3858 805 3906 perpetuen:
823 3853 875 3908 prta
887 3853 932 3896 Del
944 3853 1065 3913 suffultus
1077 3861 1112 3897 ert
1125 3865 1189 3896 ιω
1201 3861 1224 3897 et
1237 3857 1325 3898 merua

263 3913 334 3956 Addit
350 3915 423 3970 ellan,
437 3917 512 3960 mera
525 3917 625 3961 torretur
634 3928 786 3976 propagatus
798 3921 830 3964 c'n‘
843 3937 910 3980 sepes
923 3923 952 3966 ed
964 3923 1056 3967 elram
1070 3929 1144 3968 rma
1150 3926 1218 3978 fines.
1233 3925 1327 3982 Ideoque

262 3985 338 4040 Reges
354 3990 377 4027 et
394 3985 453 4028 atto·
466 3989 576 4042 pri-om
594 3989 710 4046 aaaron,
728 3998 756 4033 rat
772 3991 874 4048 δφοοιἸι
890 3993 1007 4050 soperbia,
1021 3995 1097 4050 tog·-
1114 4009 1129 4038 ι
1141 3997 1189 4038 neo
1203 3995 1327 4050 bnass-

262 4057 382 4098 mma
395 4057 474 4100 utute
488 4059 625 4113 arripiat:
642 4061 695 4117 pelo
701 4062 797 4118 frutra
814 4069 917 4108 cenom
927 4066 1037 4115 ‚deatum
1066 4067 1194 4122 catenen,
1211 4065 1248 4108 aa
1261 4071 1326 4122 types

262 4125 389 4168 sotietatem
401 4127 496 4170 mutinae
509 4128 626 4186 defuturo
642 4131 727 4175 arieti
740 4145 817 4188 regno.

227 4253 256 4322 1.
277 4255 323 4324 Ut
349 4255 427 4348 quid
451 4259 683 4332 tumultuantur
707 4272 819 4356 gentes
843 4273 876 4334 et
908 4263 1020 4358 populi
1046 4265 1188 4337 fremunt
1211 4247 1359 4357 iraenei.¹

182 4360 214 4429 2.
232 4358 461 4432 Convenerunt
472 4363 576 4459 Reges
587 4379 698 4458 terrae,
719 4369 926 4486 etl'rincipes
948 4375 1127 4468 cougregati
1143 4376 1324 4445 suntsimul
