2836 4886
474 297 519 338 ιιι
549 277 717 340 visum
738 290 843 340 ιιιιιιι.
1030 353 1035 360 ,
1167 295 1222 355 ter

20 407 142 505 ,svero
169 400 403 506 magnitudinem
422 419 476 484 bac
497 379 820 493 uircdmstunliauotat,
845 417 923 502 quod
963 439 1010 482 ars
1028 417 1064 482 ad
1084 419 1220 484 mulieres

20 531 26 589 ι
56 504 152 564 domi
175 507 287 583 quietas
306 501 469 582 perveniat:
490 501 548 562 acsi
568 500 684 572 diceret.
704 497 770 561 Nou
790 500 885 560 stium
904 441 1008 578 miites
1027 501 1126 582 spoliis
1146 501 1220 564 bena

20 631 24 670 ξ
56 589 194 644 ornatos
214 601 231 663 c
250 582 361 662 proelio
380 599 512 677 reversos
531 599 603 654 csse,
629 579 680 676 sed
698 599 768 662 prae
788 580 897 678 ingenti
922 581 1069 664 opulentia
1088 577 1218 646 imbelles

20 729 24 750 ¹
56 659 719 820 quom-ffliffcffii'sediiiaedlaiiubnwprso
732 735 793 800 'suo
813 759 851 821 po
873 737 922 802 ulo
942 739 1077 822 proeliari
1097 735 1217 802 solitum

59 840 134 882 esse
155 821 278 896 dixerat,
298 833 448 902 uunc'per
466 819 586 880 modum
605 821 790 880 correctionis
813 759 901 894 addit,
925 821 1036 880 etiamsi
1055 819 1153 881 fideles
1175 823 1216 882 iu·

20 957 24 994 ,
64 901 193 962 terdtrm
218 899 366 982 conlingat
382 901 481 962 'iacere
497 899 534 959 iu
559 897 692 973 tenebris,
716 897 814 960 Deum
834 897 1017 960 nihilomiuus
1036 901 1066 962 in
1085 906 1218 982 tempore

21 1049 23 1054 .
61 981 203 1064 prodirs'
216 980 405 1042 liberatorem.
449 977 512 1040 Nee
534 977 654 1038 dubium
677 985 727 1040 est·
752 979 821 1060 quin
845 978 904 1038 obii
945 999 963 1046 c
986 980 1121 1040 miserum
1146 979 1218 1040 illud

20 1055 23 1076 ¹
61 1068 97 1121 et
117 1061 320 1122 calamitosum
340 1067 452 1142 tempus
471 1059 645 1154 perstringet
670 1077 730 1139 quo
754 1057 880 1156 populns
930 1059 957 1119 ei
981 1057 1037 1119 sub
1056 1055 1146 1120 Saule
1165 1059 1217 1120 du·

20 1119 23 1214 ,¹
61 1141 143 1200 riter
164 1139 261 1203 iuerat
280 1139 416 1200 albinius:
437 1156 504 1220 quta
524 1138 662 1198 illustrior
680 1143 710 1198 ct
728 1157 818 1219 magis
838 1137 969 1200 notabilis
988 1138 1043 1198 init
1062 1139 1216 1214 restitutio,

20 1215 22 1240 ¹
63 1237 165 1300 quum
186 1226 303 1300 repente
322 1219 447 1302 populus
467 1237 484 1278 e
503 1217 625 1280 tenebris
645 1217 675 1278 iu
690 1217 786 1278 lucem
806 1219 929 1278 emersit
961 1215 1135 1300 Quanquam
1155 1217 1217 1298 lons

20 1283 23 1320 ¹
63 1301 135 1380 gius
154 1305 236 1380 patet
256 1299 485 1380 doctrinserquit
506 1297 676 1379 generaliter
694 1297 838 1372 admonet,
863 1298 937 1358 inter
961 1297 1218 1366 mediamaiilietio·

20 1393 22 1434 ῑ
63 1397 122 1439 nes
143 1395 248 1440 arcana
267 1386 297 1440 et
311 1379 435 1440 mirilico
454 1375 643 1438 Deivirtulc
667 1375 766 1438 lidcles
786 1379 867 1458 quasi
887 1377 915 1437 in
965 1397 1013 1438 ros
1033 1378 1149 1453 servari,
1169 1376 1217 1462 vel

68 1458 172 1518 subito
196 1460 322 1534 restitui,
346 1467 381 1520 ut
404 1457 485 1536 uuile
508 1457 650 1518 malornm
670 1456 750 1538 sigua
770 1463 934 1540 appareant.
988 1465 1121 1538 tuumque
1140 1457 1218 1518 enim

66 1554 193 1600 sensam
215 1538 302 1600 verba
327 1538 496 1612 admittant,
521 1535 599 1618 qnod
619 1543 748 1598 iucem
771 1546 804 1598 tu
817 1539 955 1620 fisttgtns
973 1543 1003 1598 et
1021 1535 1155 1611 tenebris,
1174 1535 1218 1598 ui·

64 1623 130 1682 tere
151 1625 249 1678 lamen
268 1637 334 1678 nou
348 1618 488 1680 desinunt:
508 1615 655 1696 vel‘qnod
674 1615 803 1678 liberatio
819 1623 996 1688 contractam
1015 1635 1053 1678 ex
1072 1616 1154 1678 maiis
1165 1615 1217 1676 'ni-

63 1698 217 1776 gredinem
237 1698 379 1760 disentiat.
408 1696 560 1758 tttrsnvts
579 1696 678 1776 eligas,
697 1713 808 1756 summa
828 1695 984 1770 haeredit,
1008 1715 1156 1778 uunquam
1176 1693 1216 1756 ai·

66 1776 249 1838 dictionibus
273 1777 321 1838 vei
345 1777 477 1840 consumi
500 1775 548 1837 vel
573 1773 657 1836 obrui
680 1774 780 1836 fideles
805 1777 876 1858 quin
895 1793 947 1838 sua
966 1775 1022 1837 illis
1041 1782 1156 1839 maneat
1174 1777 1218 1836 in·
1300 1781 1320 1817 ἰ

67 1858 234 1928 colemitss.
274 1855 307 1923 ld
336 1864 432 1918 summ
461 1857 602 1920 connium
667 1874 719 1917 ura
743 1855 828 1917 docet
851 1855 971 1938 perinde
994 1873 1058 1918 essc
1082 1857 1141 1916 acsi
1168 1875 1219 1916 oo·

69 1938 188 1999 lumbus
210 1936 284 1998 iuter
307 1937 379 1998 ollas
403 1936 452 1998 vel
477 1935 584 1998 lebetes
607 1955 649 1996 nn
688 1955 719 1996 m
743 1937 774 1998 iu
799 1936 851 1998 alis
865 1935 1045 2034 nigredinem
1064 1934 1216 1998 conuabo·
1304 1923 1310 1946 ⁴

68 2024 146 2092 rent,
166 2017 216 2077 sed
235 2017 389 2079 retinerent
411 2018 539 2078 nativam
568 2015 789 2098 pulcritudinem
819 2015 933 2079 coloris.
974 2015 1058 2078 Unde
1084 2017 1216 2098 sequitur

69 2118 133 2160 non
157 2115 271 2180 semper
294 2097 418 2158 iucunda
429 2098 588 2158 'serenitate
611 2095 670 2156 irui
689 2093 855 2172 Ecclesiam,
879 2095 930 2157 sed
949 2115 987 2158 ex
1006 2094 1130 2158 tenebris
1149 2115 1218 2158 eru·

69 2185 133 2240 tarn
152 2177 334 2258 splendorem
353 2189 531 2258 resupnum,
557 2177 615 2236 acsi
635 2175 672 2237 ab
691 2177 770 2236 omni
789 2177 866 2238 malo
886 2178 992 2238 iniecta
1011 2176 1095 2248 iuret.
1155 2175 1157 2186 ’

152 2263 200 2322 15.
222 2265 323 2334 Quum
341 2260 506 2340 niestprnrst.
547 2253 626 2334 Quia
652 2255 772 2316 verbum
792 2261 876 2328 Ν
901 2257 1056 2318 extendere
1080 2257 1127 2316 vel
1147 2255 1218 2318 divi·

69 2337 139 2398 dere
158 2337 307 2419 signifieat,
327 2345 425 2420 posset
444 2339 530 2398 etiam
550 2336 623 2396 verti
643 2333 691 2397 bic
709 2335 800 2410 luens,
821 2333 921 2414 Quum
941 2338 971 2396 in
990 2332 1137 2418 triumpho
1157 2343 1216 2396 tra·

71 2418 198 2478 duceret.
228 2417 332 2478 illelius
347 2424 448 2480 tamen
466 2413 776 2498 couvenitDispecsio:
796 2422 826 2476 et
845 2413 929 2496 fugae
948 2416 1029 2477 cuius
1050 2419 1136 2497 paulo
1147 2423 1225 2496 ante,

43 2517 50 2547 ι
70 2497 209 2571 meminit,
229 2496 392 2577 respondet
432 2493 503 2556 Plus
522 2502 567 2556 est
587 2494 765 2556 obscuritatis
790 2496 819 2555 in
841 2496 966 2560 secundo
985 2495 1125 2573 membro,
1145 2497 1228 2577 quia

71 2575 191 2636 verbum
205 2551 328 2648 ffll'i,
348 2576 465 2656 quidam
490 2574 528 2634 ad
547 2573 604 2634 Dei
628 2576 877 2656 congregationem
900 2575 1044 2636 referunt:
1070 2578 1151 2658 quasi
1172 2576 1214 2636 dt-

73 2663 151 2715 cerct
174 2654 279 2731 David,
302 2653 432 2716 albedine
461 2655 548 2715 inisse
572 2656 739 2734 speciosam.
779 2653 930 2715 Secundae
954 2661 1050 2719 tamen
1074 2675 1216 2736 personae

73 2731 740 2892 tibitibi*elit.⁸⁶'¹3s.¹³ttt.i
760 2733 1216 2876 tim.t¹⁰:¹lit.“t¹¹.it⁰i:.t

75 2895 199 2969 interest,
218 2901 376 2976 sequentur
394 2895 515 2954 lectores
534 2900 632 2954 utram
651 2893 760 2954 malint.
791 2891 856 2954 llod
869 2894 992 2976 'quidem
1006 2893 1077 2954 mihi
1098 2892 1216 2954 dubium
1273 2944 1276 2954 ,

75 2981 204 3046 nonest,
224 2973 367 3036 Davidem
386 2974 521 3058 prosequi
541 2971 620 3055 quod
646 2991 739 3055 nuper
758 2973 871 3034 dixerat
895 2973 931 3035 de
951 2973 1074 3034 caudore
1093 2975 1214 3053 argenti.

76 3052 213 3132 Quamvis
233 3074 265 3115 er
284 3075 302 3116 o
322 3057 352 3114 in
371 3054 536 3115 turbulento
561 3053 688 3113 hostium
706 3053 830 3129 insultu,
857 3053 977 3136 caligine
1001 3053 1114 3114 obtecta
1140 3042 1216 3114 esset

75 3141 157 3198 terra.
181 3134 250 3196 dicit
265 3075 367 3195 beviti
391 3121 575 3214 rectiperassc
595 3151 677 3194 suam
702 3133 871 3210 albedinem,
891 3141 925 3193 ut
943 3139 1018 3194 esset
1037 3133 1119 3214 quasi
1139 3133 1216 3192 nivei

76 3213 175 3274 coloris
195 3217 270 3276 sicut
288 3233 371 3276 mons
390 3213 521 3288 Salmuu,
541 3232 627 3294 quem
646 3212 735 3274 luisse
760 3215 893 3274 nivosum
913 3215 981 3274 salis
1006 3219 1126 3274 constat.
1157 3211 1216 3273 Alii

77 3299 174 3374 putant
192 3313 255 3356 csse
274 3313 379 3356 nomen
399 3293 615 3375 appellativum,
634 3299 664 3353 et
683 3311 721 3353 ex
742 3299 841 3368 nunni,
864 3293 973 3354 Umbra
993 3291 1123 3358 obscura.
1156 3289 1216 3351 Sed
1279 3291 1285 3306 “

75 3379 195 3454 praestat
221 3393 238 3435 a
261 3374 376 3456 r'eccpta
401 3373 523 3435 lectione
546 3392 608 3434 non
632 3372 676 3433 dis
745 3391 785 3434 re.
826 3373 954 3522 lntu'rgpx
962 3371 1033 3432 mibi
1063 3369 1217 3452 probabilis

25 3474 27 3488 ·
77 3459 118 3511 est
133 3453 231 3514 allusio
250 3453 287 3515 sd
307 3453 435 3534 etymolu
454 3451 512 3514 iam
531 3453 669 3527 numinis,
692 3469 760 3513 uam
785 3453 853 3534 quin
974 3451 1105 3512 umbram
1130 3449 1216 3530 sigui·

76 3531 153 3605 deal,
175 3551 259 3595 mons
282 3533 402 3596 Salmon
427 3475 520 3594 (fictus
545 3533 602 3593 luit
624 3533 708 3614 qussi
733 3531 882 3594 obtentus.
928 3529 967 3592 Et
991 3531 1137 3612 aptissima
1161 3531 1216 3592 erit

78 3613 236 3688 similitudo,
261 3614 346 3675 sicuti
372 3611 676 3676 montemobseurun
701 3611 836 3674 dealbant
861 3613 957 3690 nives,
980 3611 1020 3673 ita
1044 3609 1218 3672 obscuritate

78 3691 195 3756 absterso
214 3693 423 3776 resplenduisse
442 3691 592 3754 condidam
611 3690 713 3759 dotem
734 3697 835 3755 terrae.

160 3887 212 3964 id.
234 3893 331 3964 Mons
352 3889 426 3980 Dei,
450 3916 545 3962 mons
565 3891 681 3979 Busan,
708 3916 804 3962 mons
825 3891 1012 3976 celsitatem,
1039 3913 1135 3960 mons
1156 3888 1216 3960 Ba·

80 4017 142 4065 sau.
174 3999 227 4066 17.
248 4000 371 4091 thuid
393 3999 508 4069 exilitis
530 4012 659 4068 montes
671 4000 879 4092 =celsitatem?
900 4019 996 4066 muns
1016 3996 1049 4064 in
1063 4019 1129 4088 quo
1150 3997 1215 4089 pln-

80 4105 139 4172 cuit
168 4101 240 4171 Deo
268 4105 423 4175 habitare:
455 4107 566 4200 utique
596 4105 748 4174 habitabit
780 4104 921 4174 lehovuh
947 4105 981 4171 iu
1008 4097 1213 4195 perpetuum.
1257 4103 1261 4110 ‘

82 4211 130 4276 18.
151 4205 268 4278 Currus
288 4209 351 4280 Dei
372 4213 481 4304 viginti
492 4213 591 4284 millia
615 4211 753 4285 millium
765 4203 977 4308 Angelorum
998 4209 1160 4279 Dominus
1180 4209 1214 4284 itt
1280 4200 1283 4211 ‘

35 4319 39 4327 ’
80 4313 143 4398 illis,
162 4314 248 4382 Sinai
268 4315 303 4384 in
325 4316 521 4390 sanctuario.

102 4423 198 4468 cdd-u
210 4423 233 4468 in
246 4423 329 4470 l’snlu·
343 4427 406 4470 don.
419 4429 438 4470 1.
892 4411 934 4472 32
1054 4425 1058 4440 '
