2748 4890
181 279 236 336 232
335 331 338 336 1
610 255 899 320 nes'nrrsus
982 325 986 332 ,
1094 291 1099 300 ·

140 443 143 456 «
183 423 246 466 sens
262 404 294 466 in
313 401 430 464 homino
449 399 497 464 cui
514 413 652 482 prospere
669 399 804 474 succedit,
824 399 872 460 vel
891 397 942 482 qui
964 399 1027 462 viu
1045 415 1113 460 suas
1132 397 1267 478 perducit
1285 399 1321 460 sd

183 483 338 564 optabilem
357 499 527 556 summum,
547 482 624 542 et'in
644 481 706 540 viro
726 480 863 540 scelerate
882 484 1055 558 sugerente,
1075 477 1124 536 vel
1144 485 1320 558 exsequente

184 564 314 624 consilia:
341 561 418 642 quod
437 559 594 622 secuudum
618 560 719 621 melius
738 560 860 640 quadrat
883 557 1037 640 contextui
1078 553 1185 617 Fateor
1203 557 1320 637 mudum

181 658 288 704 nomeu
309 645 428 712 mmo
452 641 564 720 saepius
588 641 677 722 accipi
705 641 736 700 in
765 637 869 706 malam
898 645 1010 720 partem
1034 657 1088 716 pro
1116 637 1269 698 fraudibus
1292 646 1320 698 et

182 719 657 864 illittl‘ltfltttt
676 717 1319 860 5'2‘'³”“iil.l¹..⁵i“ii¹³iii⁰⁶ii'iiiffi

182 822 299 942 cddsilia
318 879 485 940 tantundem
510 879 604 940 voleat
627 886 695 959 atqu
810 897 873 940 cere
893 817 1055 958 quodpqdis
1074 817 1183 941 stastbit.
1208 877 1318 938 Gallice

182 959 312 1055 dicimus²
330 967 413 1054 cercis
431 963 452 1021 b
470 961 539 1021 tour
558 961 594 1022 ds
610 981 656 1054 sss
667 967 854 1054 ,entreprts'ea
892 957 1032 1018 Videmus
1044 963 1155 1030 ‚antem
1166 955 1245 1018 haee
1261 957 1318 1018 duo

181 1047 412 1185 illiti?
429 1036 1318 1189 tamaltrtltltttltffintt{aalma

135 1243 138 1248 -
181 1201 235 1281 piis
255 1199 359 1262 arridet
378 1198 502 1272 fortuna,
521 1200 580 1260 acsi
598 1197 680 1260 Deus
703 1199 858 1278 impierum
881 1195 1034 1258 sceleribus
1053 1196 1182 1258 'iavmetr
1207 1198 1268 1256 imo
1285 1199 1317 1256 in

181 1279 264 1347 nobis
289 1285 357 1338 tuuc
381 1279 545 1338 accenditur
567 1277 732 1359 indignatio.
775 1275 873 1358 ltaqrre
895 1275 993 1341 David
1018 1276 1098 1340 brevi
1121 1276 1318 1336 admonitione

180 1380 241 1423 oon
259 1365 419 1432 contentus,
438 1378 496 1418 nou
515 1359 655 1453 prolixius
673 1359 704 1418 in
723 1357 778 1417 bac
795 1357 947 1418 reinsistit
988 1355 1054 1418 Non
1073 1357 1151 1417 enim
1171 1357 1318 1436 superflua

180 1449 224 1501 est
242 1438 397 1500 verborum
416 1457 562 1518 congeues
581 1456 654 1518 quae
673 1440 805 1519 proximo
821 1454 906 1504 versu
924 1438 1062 1516 sequitur,
1081 1435 1134 1498 ubi
1151 1436 1316 1496 imcundias

179 1519 292 1604 tranum
315 1518 417 1594 iniieit,
440 1517 568 1578 furorem
591 1518 684 1590 sedat,
707 1524 737 1576 et
760 1517 981 1656 indignationem
1005 1519 1130 1597 mitigat,
1153 1515 1206 1576 sed
1230 1515 1314 1596 plura

180 1599 313 1671 remedia,
339 1604 371 1656 ut
394 1616 509 1658 neccsse
528 1603 581 1670 est,
605 1598 642 1658 ad
661 1595 793 1658 morbum
832 1597 956 1658 illim'lcm
975 1603 1077 1656 euratu
1095 1593 1223 1656 adhibet.
1262 1593 1314 1654 At-

92 1687 98 1698 '
180 1696 238 1758 qne
257 1677 313 1736 boo
331 1676 418 1736 modo
448 1695 536 1757 quam
558 1676 706 1738 irritabiles
729 1678 817 1736 simus
841 1683 871 1738 et
894 1678 1028 1757 propensi
1050 1676 1089 1736 ad
1112 1675 1314 1754 condpieodm

180 1757 313 1831 offensas,
331 1757 475 1830 admonet,
493 1757 549 1816 nisi
567 1763 681 1816 stoeuue
700 1757 843 1831 luctando,
863 1757 1042 1816 turbulentos
1059 1763 1176 1816 nostros
1195 1755 1313 1814 affectos

115 1836 135 1856 ''
179 1839 210 1898 iu
230 1837 399 1916 obsequium
417 1835 562 1916 cogamus.
602 1835 742 1915 Quamvis
761 1844 856 1909 autam
876 1837 1005 1898 nonsiue
1018 1835 1148 1896 molestia
1170 1835 1314 1894 etsodore

180 1918 273 1977 caruis
292 1918 415 1996 impetus
435 1915 565 1995 subigant
577 1915 691 1993 fideles,
712 1916 760 1975 ubi
779 1935 828 1976 eos
847 1917 883 1975 ad
897 1917 1103 1996 impatientiam
1112 1915 1242 1978 stimulat
1260 1915 1312 1971 im·

180 1997 511 2140 illaudati}
529 1995 726 2139 littam
755 1995 885 2134 ”lid
909 1991 1313 2134 tt¹⁰ttutttt²2tt

178 2150 270 2215 nostri
289 2094 416 2236 conatu}
456 2153 591 2214 Ultimam
609 2093 778 2236 particum
797 2116 886 2215 secus,
895 2155 1067 2235 interpretor
1086 2173 1176 2236 quam
1195 2152 1312 2232 reliqui:

147 2240 152 2260 ¹
179 2237 295 2293 vertunt
314 2235 390 2294 euim
414 2235 518 2294 enirm
542 2237 584 2294 nd
604 2237 784 2316 pomostdum
807 2235 867 2296 acsi
890 2233 1000 2294 iuberet
1023 2233 1120 2293 David
1143 2235 1222 2293 iram·
1238 2233 1312 2291 mbi-

146 2351 159 2370 .
198 2333 254 2383 are,
273 2332 311 2373 ne
329 2312 365 2372 ad
384 2313 543 2373 nocendum
562 2316 697 2395 prosiliat.
727 2315 786 2374 Sed
805 2334 894 2397 quum
913 2319 969 2410 *itt
989 2331 1074 2395 saepe
1089 2313 1215 2374 affirmet
1234 2311 1312 2392 apud

178 2333 333 2462 ituraeos,
352 2413 411 2452 non
430 2393 528 2454 dubito
548 2397 616 2474 quin
627 2393 722 2454 David
742 2397 837 2476 potius
856 2393 1027 2456 doeeaifieri
1041 2393 1191 2480 aliternoo
1205 2411 1313 2529 posse,

103 2515 111 2532 .
178 2473 232 2532 nisi
256 2473 351 2531 statim
374 2491 410 2530 ae
433 2473 560 2532 celeriter
585 2475 732 2534 offensioni
756 2481 869 2535 nostrae
889 2475 1077 2544 occurrimus,
1097 2475 1204 2552 quina
1246 2491 1311 2550 pce

178 2551 301 2612 eandum
321 2569 374 2611 uos
391 2552 535 2632 impellat:
554 2554 640 2613 monti
656 2555 686 2612 in
706 2555 763 2614 alio
781 2553 897 2614 Psalmo
916 2553 1028 2628 dicitur,
1046 2553 1209 2632 Abrumpet
1228 2550 1312 2610 Deos

176 2633 454 2779 ἱππείἳὲιιηέῐοιιιιιι,
482 2651 519 2692 ue
546 2634 615 2694 insti
643 2651 743 2694 manus
771 2653 837 2696 sues
866 2633 903 2694 ad
934 2630 1114 2714 iniquitatem
1142 2633 1312 2702 extendam,
1367 2674 1372 2691 .

110 2743 132 2764 ..ι
202 2733 226 2776 fl,
354 2755 361 2770 .

189 2843 194 2855 ι
256 2794 284 2854 9.
304 2753 457 2865 ⁹(irroratum
474 2793 599 2873 improbi
616 2795 794 2854 excideretur.
834 2791 900 2854 Nou
919 2792 970 2854 abs
988 2811 1020 2853 re
1039 2791 1114 2852 idem
1134 2809 1182 2852 sae
1203 2791 1252 2850 ius
1271 2789 1314 2848 iu-

177 2871 280 2947 eulcat,
298 2871 402 2930 laetam
421 2878 452 2930 et
470 2873 623 2932 secundam
642 2873 784 2934 fortunam
805 2893 862 2954 qna
881 2875 1030 2956 potiuntur
1047 2871 1137 2952 impii,
1156 2877 1187 2930 ni
1208 2871 1229 2930 'l
1247 2888 1314 2930 essa

176 2953 255 3012 atiud
279 2969 368 3030 rmum
386 2951 500 3012 larvam
523 2960 575 3012 aut
598 2959 756 3034 spectrum:
781 2958 848 3035 quia
870 2954 980 3033 primus
998 2953 1117 3014 intuitus
1136 2959 1311 3012 serrsuvno

176 3040 252 3092 stros
276 3038 407 3111 occupat,
431 3050 468 3090 ne
492 3031 529 3090 ad
551 3033 660 3102 exitum
684 3035 844 3109 attendant,
870 3033 946 3094 unde
969 3031 1107 3092 iudicium
1130 3029 1198 3128 berg
1218 3029 1312 3090 deod.

176 3110 311 3174 Notanda
329 3119 425 3172 autem
444 3118 487 3170 est
506 3113 653 3172 antithesis
677 3115 752 3174 inter
775 3115 833 3174 dno
854 3111 991 3174 membro.
1029 3110 1114 3172 Prim
1133 3102 1242 3189 impios
1261 3129 1309 3168 ex-

175 3193 267 3252 cisum
286 3191 321 3250 iri
340 3193 537 3269 pronuntians,
557 3193 579 3251 si
599 3192 794 3252 nificatvirerc
813 3199 842 3252 et
859 3194 963 3256 florere
981 3191 1073 3252 donee
1092 3198 1242 3250 maturum
1262 3190 1309 3248 art

174 3273 271 3338 veniat
289 3271 392 3332 excidii
411 3275 533 3351 tempus.
572 3213 684 3352 sseinde
702 3272 831 3332 fidelibus
849 3278 955 3332 terram
975 3271 1163 3334 connitaris
1182 3271 1248 3328 iure
1267 3287 1309 3328 as·

175 3351 300 3431 signans,
318 3349 449 3428 iutelligit
467 3351 509 3410 sie
528 3351 662 3426 victuros,
687 3359 720 3411 nt
738 3351 794 3412 llei
812 3351 970 3412 benedictio
988 3371 1039 3412 eos
1057 3351 1095 3410 ad
1114 3356 1246 3409 mortem
1265 3368 1310 3406 us·

176 3449 233 3510 que
257 3436 454 3508 prosequatur.
493 3428 585 3490 Porro
609 3451 627 3491 a
650 3432 707 3492 fine
731 3432 778 3507 (ut
801 3431 888 3510 paulo
917 3437 983 3490 ante
1012 3429 1310 3506 docui)·aestimauda

173 3516 218 3572 est
237 3509 385 3571 bominum
408 3508 542 3570 conditio.
581 3509 629 3570 Ex
650 3511 775 3591 epitheto
798 3512 885 3572 etiarn
904 3510 981 3589 quod
1000 3510 1066 3570 liliis
1085 3509 1144 3568 Dei
1163 3509 1308 3578 adscribit,

175 3589 334 3670 colligimus
353 3590 424 3650 dura
443 3590 542 3650 militia
561 3609 612 3650 eos
631 3591 764 3664 exerceri,
786 3597 817 3650 ut
837 3589 974 3670 probetur
998 3607 1096 3650 rorum
1120 3587 1203 3648 tides.
1244 3585 1309 3648 Nou

136 3731 140 3747 ,
174 3670 252 3730 enim
271 3669 334 3749 pios
353 3668 401 3728 rel
420 3670 511 3729 iustos
529 3671 667 3744 nominet,
684 3670 734 3730 sed
757 3677 952 3750 exspectantes
972 3668 1117 3730 lebovam.
1158 3665 1309 3745 Quorsum

175 3755 272 3808 antem
295 3748 350 3807 ista
374 3750 564 3829 exspectatio,
588 3750 642 3809 nisi
670 3748 723 3810 sub
747 3752 840 3810 crucis
870 3768 957 3842 coepe
979 3749 1143 3829 gemerent?
1173 3747 1311 3808 cumn

89 3833 91 3835 ’
174 3835 266 3888 terrae
291 3831 432 3908 possessio
457 3849 545 3910 quam
573 3823 639 3889 liliis
663 3826 720 3890 Dei
740 3831 896 3910 promittit,
922 3849 983 3892 non
1010 3830 1125 3908 semper
1147 3835 1194 3899 est
1217 3826 1309 3886 oculis

174 3907 313 3988 exposita,
334 3910 401 3987 quia
425 3916 457 3988 et
479 3912 642 4004 peregrinos
666 3911 695 3969 in
719 3928 753 3970 ea
772 3911 869 3990 vagari
888 3915 1015 3989 oportet,
1038 3927 1093 3968 nee
1118 3909 1228 3988 petitor
1248 3903 1308 3966 Do·

174 3990 268 4048 minus
288 3987 385 4050 sedem
403 4007 525 4068 usquam
544 3991 644 4068 lugere:
669 3990 738 4068 quin
762 3993 857 4070 potius
879 3990 1056 4068 circumegit,
1078 3993 1111 4046 ut
1130 3977 1254 4046 alaudas
1272 3983 1309 4042 ad

135 4073 143 4082 ‘
174 4068 326 4126 coelestem
345 4068 470 4147 quietem
489 4068 642 4148 adspirent.
682 4067 757 4128 Coro
776 4070 852 4128 euim
872 4087 985 4150 semper
1003 4069 1051 4128 bic
1069 4067 1195 4128 nidulari
1208 4067 1310 4145 ¹copiis

161 4147 492 4288 ιιιιιιιι
510 4145 572 4286 ι
588 4147 1000 4309 ‘crassentur
1109 4135 1308 4307 ,ιιι

173 4311 265 4365 temes
284 4307 425 4385 possessio
445 4307 528 4367 ouius
544 4308 677 4367 meminit
696 4305 804 4366 David:
827 4309 894 4389 quia
918 4313 948 4366 et
971 4315 1049 4367 certo
1073 4307 1170 4365 seium
1188 4325 1221 4366 so
1239 4304 1308 4382 legi·
1339 4347 1347 4354 .

92 4399 104 4412 ·
147 4413 153 4466 .'
172 4384 259 4446 timos
277 4401 341 4447 esec
359 4385 459 4449 muudi
481 4385 632 4452 haeredem
657 4385 734 4450 uude
757 4385 791 4450 lit
810 4395 842 4449 ut
868 4387 1022 4468 tranquilla
1040 4387 1215 4448 conscientia
1232 4401 1307 4467 pane
