2854 4886
512 307 554 348 rs·
592 305 811 380 russam.
903 341 917 358 „
1187 313 1227 372 55

87 449 140 491 eos
160 429 307 492 invehitur
325 429 418 508 Deus,
439 431 515 512 quod
534 449 565 491 se
583 431 620 494 ad
639 432 764 510 loetum,
783 435 921 510 doersum
941 443 970 498 et
989 453 1102 500 saooum
1122 457 1225 500 rooan·

88 517 129 586 te,
148 511 205 590 ipsi
224 511 262 570 ad
282 509 421 572 oitbsram
441 517 471 572 et
489 511 585 594 epulas
599 513 739 594 populum
753 515 942 576 invitaverint
972 513 1156 600 Tandemque
1170 520 1226 580 ins·

89 589 242 650 iurandum
251 589 373 666 subiinit,
394 587 541 671 viomago
561 591 585 650 si
604 603 732 672 unquam
742 591 881 654 delebitur
890 593 1023 676 iniquitas
1032 596 1111 657 hano.
1131 597 1224 659 Attol-

90 670 156 729 tuns
179 669 297 748 quidem
319 669 418 730 liddae
442 669 473 730 in
496 670 616 732 sublime
641 672 754 746 oeulos,
778 679 811 734 ut
835 671 893 735 Dei
926 676 1027 736 iudicia
1057 677 1225 772 suseipiant:

90 749 142 808 sod
161 769 220 810 unu
238 768 326 810 senus
341 756 474 811 metuunt
492 751 550 810 aosi
568 751 626 812 iam
644 751 783 832 capitibus
802 753 863 814 suis
881 754 1026 816 instarent.
1042 753 1138 836 'lmpir
1156 775 1226 816 roro

89 835 206 904 eontra,
230 831 365 910 quamtis
383 849 418 890 es
436 825 605 910 despiciant,
623 849 661 890 ne
680 837 775 892 tamen
795 851 901 896 sonam
914 840 994 894 metu
1013 834 1060 895 vel
1080 853 1148 894 nura
1167 841 1225 900 tur·

86 907 208 983 beutm,
226 911 258 968 in
278 909 390 970 eoelum
408 908 552 990 ablegant:
572 911 646 970 siout
663 907 688 972 Ε
708 911 796 972 isarei
814 910 912 972 Deum
930 913 1026 993 palam
1044 933 1149 993 negare
1167 935 1226 976 nou

85 988 237 1063 audentes,
256 985 370 1069 lingunt
387 989 417 1048 in
436 991 496 1050 otio
515 987 647 1048 deliciari.
688 932 743 1049 Ph
761 989 812 1051 illo
832 999 948 1072 stupore
966 1001 1064 1054 manat
1083 992 1224 1054 conliden-

83 1068 138 1162 tia·
148 1067 186 1127 de
199 1087 264 1162 ¹qua
282 1068 411 1164 loquitur
428 1067 540 1164 David,
560 1068 791 1148 quodsolollalu
801 1089 832 1132 se
846 1071 1007 1152 perdituros
1020 1092 1080 1132 non
1096 1071 1227 1134 dubitant

84 1146 384 1306 tibitibi,
402 1145 674 1307 bibliislii,
686 1148 1225 1308 tttttsbitwltltttttt:

82 1306 158 1366 tiam
177 1308 313 1386 proximo
332 1326 417 1368 versu
436 1305 596 1391 confirmat,
615 1307 694 1386 qaod
713 1313 838 1367 statuant
855 1308 886 1368 in
906 1309 1038 1370 cordibus
1058 1312 1116 1374 suis
1131 1331 1163 1372 se
1176 1331 1224 1372 exa

81 1391 130 1444 tra
141 1405 230 1446 omns
237 1386 401 1446 mutationis
410 1385 678 1448 disorimenversari.
690 1384 830 1466 Quamvis
840 1393 936 1448 autem
946 1387 1080 1470 superbas
1087 1390 1226 1462 eiusmodi

83 1484 176 1524 voees
187 1473 426 1546 nepeevomant
440 1466 534 1528 oolam
548 1472 645 1528 tameo
658 1485 765 1548 pravae
785 1470 962 1547 arrogantiae
976 1467 1122 1530 ooenltum
1135 1469 1227 1548 uleus,
1359 1483 1394 1536 ,·

84 1544 167 1622 quod
192 1544 271 1606 intus
295 1543 407 1618 levent,
430 1545 595 1627 perstringit
612 1543 722 1606 David:
746 1544 875 1627 ideoque,
887 1567 947 1608 uon
966 1549 1066 1610 recitat
1085 1549 1154 1630 qnid
1174 1569 1226 1612 ora
1245 1583 1260 1599 -

82 1621 256 1719 loquantur,
274 1624 325 1686 sed
345 1623 413 1762 plaid
433 1623 486 1684 sibi
503 1625 534 1684 in
554 1624 640 1686 eorde
659 1625 867 1706 persuadeant·
883 1621 1038 1705 Quaeritur
1056 1635 1153 1690 tamen
1173 1648 1226 1688 our
1298 1683 1301 1694 .

82 1703 114 1761 in
135 1703 201 1763 alirs
222 1709 336 1764 aoouset
392 1703 529 1784 vidquod
548 1703 585 1765 ds
599 1705 707 1784 seipso
722 1706 807 1765 toties
820 1705 980 1784 profitetur,
999 1703 1132 1772 namDei
1143 1727 1224 1789 prae-

81 1781 159 1844 sidio
179 1783 285 1865 fretus,
308 1783 440 1864 perieulis
459 1781 591 1843 omnibns
609 1785 736 1846 animose
754 1785 880 1844 insultat.
910 1783 948 1846 Et
971 1793 1049 1848 certe
1072 1786 1148 1846 filios
1166 1781 1224 1848 Dei

81 1863 211 1922 salutem
228 1880 311 1922 suam
329 1861 360 1924 iu
378 1868 443 1922 tuto
462 1861 558 1924 locare
576 1863 719 1932 convenit,
737 1868 770 1922 ut
789 1863 897 1923 mundo
913 1865 1018 1926 centies
1037 1872 1147 1939 ruente,
1167 1873 1224 1926 sta·

81 1939 162 2002 biles
182 1961 213 2002 ss
230 1961 379 2002 mansuros
398 1943 533 2022 negitent.
572 1921 613 2001 lt
631 1942 736 2002 solutio
755 1941 844 2002 facilis
864 1949 922 2018 est,
946 1943 1044 2004 fideles
1064 1944 1117 2006 sibi
1137 1945 1225 2005 stabi·

80 2021 201 2084 litatem
225 2041 282 2082 uon
306 2019 375 2082 alibi
399 2040 499 2162 rpuaffi⁵
511 2021 541 2082 in
559 2017 625 2081 Deo
649 2022 828 2102 promittere,
848 2027 878 2082 et
897 2023 1013 2104 quidem
1032 2023 1120 2084 talam
1139 2031 1172 2085 ut
1192 2043 1224 2086 se

80 2109 186 2162 tamen
210 2100 342 2162 omnibus
366 2120 453 2182 prooe
524 2101 670 2181 expositos
695 2121 757 2162 essa
775 2101 908 2162 noverint
928 2109 957 2162 et
976 2105 1117 2186 patienter
1136 2103 1223 2164 subii-

80 2182 174 2244 oiant.
208 2179 309 2262 Longe
332 2199 403 2242 vero
427 2181 484 2242 dno
509 2180 580 2242 baso
598 2181 673 2241 iuter
692 2200 723 2240 se
743 2179 890 2257 differunt,
910 2179 967 2244 Dei
986 2175 1234 2265 eoirtemptorem„

83 2259 1016 2424 iiiiffiiifflbiiliailliiitliiii‘iiiiiii?
1027 2261 1225 2424 tttttttt

82 2421 248 2496 bominem,
273 2420 349 2481 dunr'
360 2421 447 2488 vitam
468 2441 548 2480 suam
569 2421 604 2481 de
623 2419 682 2480 filio
702 2421 841 2502 pendere,
860 2419 995 2503 milleque
1013 2423 1152 2483 mortibus
1172 2421 1223 2482 ob·

82 2521 195 2562 sensam
213 2520 278 2572 esse
291 2519 323 2562 re
343 2506 414 2576 utat,
432 2519 520 2581 seque
539 2499 575 2560 ad
590 2500 718 2560 serendas
733 2499 874 2582 quaslibet
889 2519 1039 2563 aerumnas
1054 2501 1147 2572 ollert,
1167 2520 1221 2563 neo

82 2601 169 2666 ssens
192 2583 226 2642 in
248 2521 357 2642 mundo
376 2581 438 2663 agit
461 2581 518 2642 aosi
542 2583 572 2640 in
591 2581 663 2640 mari
680 2579 840 2676 procelloso
859 2582 989 2662 naviget,
1012 2581 1100 2642 solius
1124 2589 1222 2643 tamen

82 2659 273 2744 gratiaessei
292 2661 396 2722 liduoia
414 2659 558 2720 molestias
578 2667 608 2720 et
626 2667 783 2720 anxietates
802 2679 868 2744 sups
888 2661 976 2722 lenire
995 2681 1030 2722 ao
1049 2661 1144 2723 solari.
1168 2659 1222 2722 Di·

83 2743 123 2803 eit
142 2737 266 2824 impius,
290 2738 357 2800 Non
375 2739 528 2810 movebor,
547 2741 595 2800 vel
614 2737 680 2800 Nou
698 2737 806 2800 nutabo
824 2742 855 2801 in
875 2747 1061 2837 perpetuum,
1081 2742 1149 2822 quia
1168 2742 1222 2822 soi·
1259 2806 1263 2813 ,

83 2821 153 2882 lieet
178 2820 292 2880 roboris
316 2821 362 2880 sui
391 2819 524 2880 duritiem
548 2819 585 2880 sd
604 2839 703 2879 omnes
722 2820 846 2900 impetus
865 2821 1045 2882 sustinendos
1065 2823 1131 2882 satis
1151 2821 1223 2880 vali·
1334 2873 1349 2886 ,

84 2901 152 2960 dam
173 2919 238 2960 esse
256 2905 348 2979 putat.
377 2897 457 2959 Dieit
475 2899 582 2973 tidelis,
601 2896 642 2957 Ut
660 2904 761 2958 nutare
779 2898 851 2958 milri
870 2902 1031 2981 contingat,
1053 2901 1113 2960 imo
1133 2902 1222 2960 etiam

84 2979 198 3056 eadere,
217 2978 393 3059 subindeque
411 2977 586 3060 profundum
606 2976 744 3058 demergi,
763 2997 823 3038 oon
843 2979 896 3038 erit
915 2986 1010 3040 tamen
1030 2979 1151 3038 exitialis
1171 2999 1220 3038 ru·

84 3063 145 3120 ina:
167 3060 306 3140 quoniam
324 3078 357 3118 su
399 3065 465 3120 onst
483 3055 566 3118 Deus
583 3075 701 3118 manum
719 3075 811 3117 suam.
840 3053 915 3118 Hine
935 3065 964 3120 et
983 3057 1071 3118 altera
1091 3055 1232 3138 (proastio¹

324 3079 421 3199 fideles
440 3139 471 3198 in
491 3137 609 3218 seipsis
630 3135 744 3217 trepidi,
764 3135 801 3198 ad
820 3138 926 3217 gratiae
945 3131 1001 3210 Dei
1021 3137 1135 3218 asylum
1143 3157 1221 3234 'pros
1255 3153 1265 3170 ¹

84 3140 342 3300 peldleudrdluzldut:
361 3219 441 3298 impii
451 3237 520 3278 vero
530 3215 661 3298 quamvis
670 3223 863 3297 expavescant
879 3219 915 3278 ad
930 3219 1079 3300 strepitum
1098 3211 1161 3278 inlu
1175 3235 1221 3278 oa·

86 3299 188 3374 dentis,
205 3305 234 3358 et
248 3301 278 3358 in
288 3298 422 3358 continua
436 3295 629 3376 inquietudine
645 3302 803 3372 versentur,
814 3295 919 3358 callum
928 3303 1023 3359 tamen
1033 3299 1156 3380 stuporis
1167 3291 1223 3361 sibi

87 3379 243 3452 obducunt,
253 3378 300 3440 vel
313 3383 463 3439 aooersuot
472 3375 524 3438 sibi
532 3377 660 3438 insanam
669 3376 846 3456 vertiginem,
856 3383 889 3438 ut
902 3385 985 3439 extra
999 3397 1030 3439 se
1043 3378 1129 3458 positi
1144 3375 1220 3438 mala

87 3477 135 3518 sua
154 3478 217 3518 nou
235 3459 367 3518 sentiant.
388 3455 498 3518 Causas
516 3456 645 3530 redditio,
665 3475 738 3536 quae
757 3457 894 3537 sequitur,
912 3467 985 3541 puio
999 3481 1061 3519 non
1080 3467 1112 3518 tn
1130 3459 1221 3529 molo,
1266 3463 1272 3472 '

87 3539 158 3598 duos
183 3555 282 3598 murus
305 3537 418 3618 resipit,
441 3535 491 3596 rel
507 3536 593 3616 *quod
617 3554 655 3596 ex
677 3537 766 3616 priori
784 3537 963 3598 immunitate
982 3557 1061 3618 spem
1082 3537 1170 3617 quieti
1190 3542 1221 3596 et

87 3619 152 3678 laeti
172 3623 263 3677 status
278 3617 439 3698 concipiant
454 3616 544 3698 impii,
563 3613 610 3678 vel
625 3615 703 3694 quod
718 3633 749 3676 se
764 3635 783 3676 a
797 3619 942 3676 communi
952 3615 1100 3677 hominum
1111 3616 1222 3690 ordine,

88 3697 413 3777 laliaci-imaginatione,
437 3701 582 3776 separent:
606 3693 699 3754 Sicuti
722 3694 799 3775 apud
824 3694 942 3756 {esaiam
962 3699 1015 3772 28,
1041 3701 1088 3760 15.
1109 3695 1221 3772 dieunt,

88 3775 187 3855 Quum
205 3775 335 3838 transibit
352 3781 521 3857 tempestas,
542 3795 595 3836 nos
615 3781 712 3836 tamen
731 3775 847 3836 minime
867 3777 999 3858 attinget.

175 3965 205 4035 7.
228 3927 455 4038 Exseoratioue
477 3989 514 4036 os
536 3963 604 4036 eius
627 3963 756 4060 plenum
779 3973 837 4050 est,
859 3975 891 4035 et
912 3961 1089 4051 fraudibus,
1103 3974 1136 4036 et
1157 3984 1222 4034 maa

86 4071 161 4142 litia:
184 4075 370 4168 sublingua
393 4077 477 4160 eius,
501 4073 625 4142 alllictio
648 4085 680 4142 et
701 4073 857 4164 iniquitas.
892 4075 922 4140 8.
946 4073 1074 4142 Sedebit
1095 4075 1128 4140 iu
1150 4065 1221 4139 iusi·

81 4183 142 4250 diis
163 4207 334 4275 psgorum,
360 4183 394 4250 in
421 4180 548 4250 latebris
576 4179 697 4249 oooidet
723 4179 941 4248 innocentem:
974 4177 1058 4247 oculi
1084 4173 1153 4246 sius
1180 4173 1222 4244 ad

86 4311 255 4380 pauperem
277 4287 489 4358 collimabant
510 4289 542 4354 9.
564 4283 760 4352 lnsidiabitur
781 4286 813 4352 iu
836 4285 1035 4365 abscondito,
1057 4283 1147 4374 quasi
1168 4283 1222 4351 len
1273 4286 1275 4292 ’

84 4397 115 4464 in
135 4395 231 4466 nubili
251 4418 327 4466 suo:
352 4393 546 4494 insidiabitur
562 4390 602 4460 ad
617 4389 802 4484 sapiendum
820 4412 1007 4522 pauperatur
1028 4391 1128 4482 sapiet
1148 4412 1219 4486 paun

109 4485 211 4554 feliis-s
225 4503 248 4547 in
262 4505 341 4546 Pulsa.
354 4505 416 4548 Tou.
431 4501 451 4546 l.
470 4557 477 4573 Ι
521 4517 525 4525 ’
884 4511 905 4548 ι]
