2818 4886
429 288 436 296 ·
498 277 728 330 sarsinas.
755 287 806 329 xv:
1184 289 1222 348 93

80 401 173 493 qnam
192 405 347 472 'mereutur
372 411 542 492 ignominiae
564 408 732 470 mercedem.
773 407 882 472 Verum
906 411 1019 494 quidem
1039 399 1219 491 estjndoroo,

81 491 218 574 quamvls
239 508 286 550 ror
362 509 429 550 eum
445 491 643 564 lauderivdut,
663 507 722 550 non
736 495 832 550 umen
845 492 940 552 efferri
949 493 1130 556 confidentiae
1150 498 1220 576 quin

81 570 259 712 idlisiffi
277 572 436 710 dibi?
452 571 825 730 alitri¹¹¹¹itittttlta
841 570 1218 715 &irradiatui

15 759 27 776 ν
81 737 145 792 iam
172 727 364 804 bumilitatem
394 728 441 789 vel
469 730 636 788 modestiam
660 729 768 788 laudari
792 733 881 810 puio,
905 749 991 810 quam
1016 724 1168 813 ingenuum
1187 740 1218 794 ei

80 812 227 870 sincerum
252 809 404 882 indicium,
431 807 480 868 ubl
504 827 600 888 neque
622 808 758 889 improbis
782 810 921 888 parcitur,
942 815 971 870 ct
990 814 1088 872 virtrsd
1108 810 1219 874 debitus

77 886 441 952 neminemneminer
467 887 591 948 adulatio
616 902 690 968 quus
708 887 783 946 sitia
805 890 927 968 legendo
951 889 1015 966 alii,
1042 913 1099 952 nou
1123 895 1217 954 minus

76 969 249 1050 pestiferum
274 974 319 1028 esi
344 982 431 1048 (Ῑιιιιιι
454 967 708 1048 vulgarensium.
747 965 851 1026 Fateor
870 968 999 1048 quidam,
1023 971 1048 1030 si
1073 973 1218 1032 dominun-¹

77 1059 127 1108 tur
151 1051 191 1110 im
216 1045 295 1120 rubi,
319 1067 378 1106 uon
403 1049 442 1106 lta
465 1047 640 1127 spemeudos
664 1063 728 1124 csse
745 1047 816 1126 quin·
833 1046 889 1106 illis
908 1064 1058 1127 pareamus
1077 1059 1217 1132 quantum

77 1127 152 1188 ieret
176 1149 195 1187 o
230 1127 269 1187 cir
281 1128 377 1206 ¹nostri
396 1127 786 1186 rarioruoeourmtuueu
812 1132 855 1186 est
878 1145 915 1187 ne
934 1129 1044 1189 servilis
1063 1133 1218 1192 assentatio

79 1209 180 1268 eodem
207 1225 264 1268 nos
287 1225 354 1266 eum
378 1206 446 1287 ipsis
468 1203 549 1266 reaia
567 1203 709 1286 implicet.
730 1201 823 1270 nilum
842 1208 893 1288 qui
912 1221 1012 1268 eurum
1031 1207 1137 1270 scelera
1157 1229 1216 1271 non

82 1285 168 1347 modo
188 1287 367 1358 dissimulat,
387 1285 441 1344 ‘sed
461 1287 545 1346 edun
565 1284 676 1346 bonore
694 1285 723 1344 di
762 1292 840 1360 atur,
864 1285 916 1345 sibi
940 1287 1054 1368 probam
1070 1297 1218 1370 «quantum

84 1371 111 1426 iu
127 1387 157 1428 sc
177 1370 234 1440 esi,
256 1365 386 1443 ostendit.
411 1363 581 1427 ldcodocci
600 1364 707 1425 Paulos
750 1364 831 1446 pbes.
850 1369 881 1440 ·5‚
901 1371 950 1428 11.
970 1370 1094 1450 speciem
1113 1371 1217 1452 impias
1276 1387 1300 1430 .·

85 1447 449 1520 communicationum,
478 1445 526 1504 ubi
552 1445 658 1506 scelera
681 1457 740 1504 nun
765 1448 952 1526 coarguimus.
997 1446 1046 1508 Et·
1060 1455 1140 1509 ceria
1159 1452 1217 1510 hoo

84 1528 160 1586 nimis
179 1541 353 1606 perversum
378 1531 435 1597 eat,
464 1525 493 1583 in
519 1525 666 1584 bominum
691 1524 819 1584 lavarem
844 1525 959 1608 oblique
983 1524 1048 1587 Deo
1080 1529 1215 1590 illuderes

83 1607 154 1686 quud
174 1605 287 1665 i'aeiunt
307 1603 631 1684 quicunqneimprobis·
644 1603 796 1684 gratificari
815 1605 939 1664 student.
963 1603 1135 1690 Quanquam
1154 1629 1214 1672 nou

79 1693 134 1746 tam
159 1701 299 1766 personas
325 1685 439 1780 respicit
463 1683 575 1757 David,
593 1701 682 1763 quarn
703 1681 804 1744 delicta
824 1685 894 1764 ipsa.
935 1683 1078 1824 Numqui
1099 1689 1214 1750 lrouori·
1260 1671 1291 1759 ,’

77 1765 129 1825 lice
148 1765 207 1824 coli
226 1765 331 1843 impios
350 1764 435 1836 vrdei,
455 1783 489 1822 ac
509 1761 607 1822 muudi
627 1763 768 1843 applausu
787 1761 984 1824 obstinatiores
1003 1780 1033 1825 rs
1055 1767 1083 1826 di
1102 1769 1133 1826 in
1152 1779 1214 1830 nra-l

79 1845 155 1916 titia,
179 1847 204 1903 si
223 1861 394 1904 consensum
419 1851 521 1923 sponte
540 1843 686 1922 adiungatr
706 1841 776 1920 quid
795 1839 872 1900 aliud
891 1861 981 1922 quam
998 1863 1117 1926 regnum
1137 1850 1218 1908 vitiis
1326 1841 1349 1904 ’.

78 1923 225 1983 attribuit?
243 1921 305 1981 Vae
324 1929 421 1982 autem
440 1923 490 2000 qui
510 1920 607 1981 dicunt
627 1920 733 1980 malum
753 1937 815 1979 essc
834 1919 950 1994 bonum,
971 1924 1149 1986 ostensuros
1168 1929 1213 1988 lu·

78 2021 155 2070 cem,
174 2001 264 2082 inquit
282 1999 386 2060 lessies
405 2003 435 2074 5,
454 2004 502 2064 20.
533 1997 683 2072 Ceterum,
725 1999 782 2057 uod
800 1999 921 2060 reiectm
941 2003 1037 2082 posuit
1051 2002 1146 2065 David
1159 2027 1214 2088 pro

76 2081 210 2162 turpibus
230 2085 258 2140 et
275 2081 432 2160 flagitiosis,
450 2079 562 2140 etiamsi
580 2081 611 2142 iu
630 2019 825 2138 enodemus
845 2080 935 2160 gradu
954 2081 1039 2141 locati
1059 2085 1142 2159 sint„
1153 2107 1213 2148 uon

75 2159 159 2220 debet
180 2177 315 2242 asperum
335 2159 434 2234 videri,
453 2159 499 2218 vel
519 2165 658 2218 coactum.
685 2155 758 2217 Nam
778 2159 802 2217 si
821 2159 997 2240 aruspicibus
1017 2169 1046 2222 ct
1065 2165 1129 2224 aliis
1166 2185 1213 2226 ro·

75 2241 147 2300 lauis
167 2239 282 2298 ratibus
301 2257 333 2297 re
354 2239 430 2298 ulsos
441 2257 543 2298 vocare
562 2238 643 2300 licuit
652 2236 780 2298 homines
800 2257 818 2296 u
858 2257 922 2298 uam
942 2247 971 2300 ci
990 2243 1126 2322 perditos,
1145 2187 1216 2308 boso

76 2320 210 2400 dignitate
231 2325 261 2378 et
280 2259 382 2399 opibus
402 2318 541 2398 pollerent
562 2315 816 2398 (quemadmodum
856 2337 904 2378 um
923 2327 1085 2382 auctorest
1105 2323 1223 2386 ciuem

73 2397 119 2458 De
139 2399 306 2478 aruspicum
327 2397 481 2479 responsis)
501 2404 553 2456 cur
572 2397 701 2456 coelestis
721 2398 860 2478 inurprss
879 2417 937 2457 uon
957 2401 1102 2480 probrosis
1121 2423 1210 2465 onnu-

72 2485 162 2538 merei
187 2479 354 2558 quicunque
376 2476 563 2557 reprobantur
586 2476 712 2536 s'Deo‘l
735 2476 855 2536 Summa
875 2479 1037 2558 igiturest,
1057 2466 1213 2546 artiones

70 2559 159 2618 libere
179 2558 307 2618 iudicare
336 2556 372 2616 dc
394 2557 532 2636 cuiusque
558 2555 648 2630 lactis,
668 2573 762 2636 neque
782 2557 869 2636 gratia
889 2558 925 2616 ad
946 2579 1063 2640 pravam
1084 2571 1214 2628 essentne

70 2641 179 2697 tionem
200 2637 323 2710 inflecti,
347 2643 381 2695 ut
403 2635 547 2716 improbos
572 2638 603 2695 iu
627 2653 679 2696 sua
698 2636 803 2695 malitia
828 2635 952 2698 foveant.
994 2639 1059 2699 Nou
1081 2642 1207 2723 vulgaris

69 2719 157 2780 stiam
178 2718 271 2776 sutus
290 2721 349 2790 esi,
430 2718 596 2796 aproxime
616 2715 759 2794 sequitur,
783 2713 892 2776 bonore
914 2722 1051 2799 prosequi
1154 2723 1207 2784 ho·

10 2835 12 2840 ·
68 2801 161 2856 mines
190 2803 222 2856 st
249 2797 348 2856 iustos.
416 2815 462 2854 am
491 2797 558 2878 quia
587 2813 672 2875 saepe
701 2799 768 2854 suut
792 2799 873 2874 quasi
899 2799 997 2857 mundi
1021 2819 1053 2858 ea
1087 2809 1213 2878 sumata,¹

69 2897 155 2958 saepe
175 2875 215 2936 ut
231 2883 265 2936 ut
284 2876 334 2956 qui
352 2882 420 2935 sunt
437 2875 493 2934 illis
513 2876 611 2944 amici,
631 2875 735 2970 passim
754 2873 853 2934 muudi
877 2877 942 2934 odia
966 2879 995 2936 iu
1021 2897 1051 2938 se
1072 2869 1213 2941 excitent.³

67 2957 146 3038 Ergo
176 2956 271 3016 maior
298 2973 364 3036 pars
394 2955 534 3014 bonorum
558 2955 716 3030 amicitiam¹
735 2954 837 3026 reiicit,
860 2960 1093 3036 etoeoutcnrptos
1113 2961 1215 3020 iacere¹

67 3039 190 3118 patitur:
212 3033 291 3116 qnod
310 3033 375 3093 ficri
392 3039 565 3116 nonpoiest
583 3034 644 3092 sinc
664 3033 744 3112 gravi
762 3037 792 3090 et
807 3033 896 3092 oduei
908 3031 1085 3096 Deliuiuria.
1106 3037 1211 3099 Discit:¹

67 3137 132 3176 mus
153 3135 226 3196 ergo
245 3122 304 3176 riou
323 3133 341 3173 a
360 3133 457 3188 censu,
475 3113 523 3173 vel
542 3111 671 3192 pecunia,
692 3113 738 3172 vel
754 3111 844 3172 iluxis
867 3112 1023 3175 bonoribus
1048 3121 1212 3194 aestimarc‚'

68 3197 118 3256 sed
139 3197 277 3277 pietatem
297 3193 400 3276 babsrp
419 3196 448 3254 iu
465 3195 569 3274 pretio.
608 3191 647 3266 Et
670 3197 746 3251 certe
771 3209 857 3252 nemo
881 3194 917 3253 ad
942 3195 1053 3334 pietatis
1079 3199 1205 3260 studium
1289 3249 1292 3256 .
1395 3249 1397 3262 .

68 3295 199 3374 opquam
219 3276 346 3334 animum
366 3273 490 3368 adiiciet·
504 3273 559 3412 nipi
578 3274 628 3353 qui
647 3269 703 3370 Ilei
722 3289 820 3332 servos
843 3291 942 3370 revepe
961 3275 1031 3372 itur:
1055 3279 1139 3374 sicuti
1164 3269 1213 3339 „qr

68 3353 1212 3523 aaa„‘ababliumauditoriali:attollaris

69 3518 223 3580 obsiarent·
244 3514 348 3594 quibus
363 3515 471 3574 lametii
486 3521 632 3592 uunquam
648 3519 800 3572 caruerunt
810 3509 947 3584 Hebraei‚'
957 3513 1092 3576 credibile
1106 3521 1212 3580 tameu'

68 3603 109 3655 ost
129 3615 192 3656 nou
211 3613 325 3674 semper
343 3593 492 3654 scribundo
510 3591 547 3653 ab
568 3593 622 3652 illis
641 3591 728 3652 luisse
747 3609 890 3671 expressa.
910 3591 972 3674 Ego
994 3601 1087 3655 tamen
1106 3615 1203 3680 recep.

70 3683 124 3735 tom
150 3675 307 3736 lectionem
332 3692 445 3754 sequor.
489 3672 597 3734 Sensus
623 3679 719 3734 autern
741 3677 801 3745 eat,
826 3671 924 3734 lideles
950 3675 1045 3756 potius
1064 3675 1203 3741 lacimam
1292 3685 1296 3693 “
1393 3647 1397 3677 r

67 3755 202 3828 facturos,
224 3771 310 3836 qnam
331 3761 365 3814 ut
383 3769 400 3812 a
419 3752 477 3814 lide
496 3751 648 3813 discedant.
675 3751 760 3811 Nulla
780 3752 856 3812 enim
875 3751 942 3814 fidei
961 3753 1129 3838 approbatio
1148 3767 1206 3834 esu

64 3837 111 3894 ubi
131 3837 258 3934 quisque
277 3839 337 3894 siat¹
353 3835 411 3904 suis
431 3835 586 3915 promissis,
605 3837 746 3913 quatenus
763 3831 817 3890 sibi
837 3835 1019 3897 commodum
1035 3849 1096 3900 esse
1113 3839 1206 3912 video·

66 3922 145 3996 stqm
166 3913 238 3974 uihss
259 3915 349 3994 magle
364 3916 464 3991 tritum
482 3918 534 3986 eat,
555 3931 641 3994 quam
661 3931 698 3970 en
718 3911 774 3972 levi
788 3911 885 3992 aliquo
899 3913 1007 3975 damno
1022 3925 1206 3996 praetextum

64 4001 181 4076 captare
201 3994 237 4054 ud
253 3985 341 4076 'pacta
361 3993 554 4066 rescindenda,
573 3991 693 4051 simulac
712 3992 856 4076 quidpiam
871 3993 917 4052 alii
928 3995 988 4054 aliis
1000 3995 1116 4075 polliciti
1125 4004 1208 4068 sunt.s

63 4073 205 4135 &ursuni
225 4075 391 4156 expendunt
410 4075 513 4156 singuli
533 4073 601 4152 quid
620 4072 675 4132 sibi
694 4073 768 4132 utile
782 4074 832 4132 sits
851 4079 901 4138 ct,
921 4077 944 4134 si
963 4085 1117 4156 gravantur
1128 4095 1201 4216 pro·

62 4156 156 4216 missis
177 4161 270 4226 stare,
283 4155 612 4236 ingeniose-excogitant
631 4154 715 4230 longe
735 4149 799 4234 plus
815 4152 1026 4234 damni-quam
1042 4158 1129 4216 timeo
1151 4173 1200 4216 um
1228 4177 1232 4182 ·

63 4237 107 4294 sit.
147 4233 278 4296 Honesta
325 4235 417 4294 uidem
443 4235 590 4294 ereusitis
609 4232 742 4302 tidsturr·
756 4231 807 4291 ubi
825 4233 1093 4314 quiscunque'ritui
1111 4224 1206 4304 ia'ctm.
1312 4267 1317 4280 ·

64 4393 139 4457 iota·
153 4395 194 4457 liu

64 4333 122 4374 ram
142 4335 176 4376 se
194 4256 339 4477 {affiddp
355 4315 456 4374 norro·
489 4315 560 4372 ocio
569 4313 686 4373 resiliat.
708 4311 801 4372 ‘Hinc
817 4315 903 4386 ,soora
934 4313 1068 4394 perfidiae
1088 4315 1207 4388 liceirtiaj¹

286 4433 296 4472 r

338 4391 536 4471 und·se‚·tlds
550 4391 795 4470 dsta,¹uoa·nlira
815 4393 1089 4475 cbsuiogiprrtaut,
1113 4407 1206 4476 quaur
1269 4477 1271 4484 ἲ
