2818 4886
194 244 257 336 114Ὶ
615 271 899 314 rcsuvrnus

159 459 164 472 x
276 404 305 464 2.
323 402 365 462 nt
384 400 472 459 dixu.
493 395 574 494 'Ego
600 395 646 456 lric
667 396 713 456 vel
731 393 870 535 spllabas⁹
893 395 941 490 pal
961 413 1069 490 paucas·
1083 411 1170 489 voees
1190 393 1333 454 curiosius
1402 483 1403 488 γ

195 498 487 625 tttttttttt'
507 472 1335 638 tttltttltttttttffittlttttdt‘?ant
1402 583 1403 634 p

196 661 273 716 men,
292 659 345 700 suu
365 639 430 698 loco
450 639 651 718 perstringam:
672 636 755 696 sicuti
774 633 907 696 notabilis
917 641 961 694 est
971 633 1056 702 huius
1076 635 1232 701 sententiae
1247 633 1336 692 omis·
1402 679 1403 684 1

197 724 255 794 sio,
273 717 399 800 Diligam
423 723 452 776 ta
471 715 596 776 Domine
619 715 758 775 fortitudo
782 733 855 774 mea.
895 713 1001 794 Porro,
1021 715 1087 794 qnia
1108 713 1228 774 verbum
1247 715 1335 781 ΠΠἾ
1402 711 1403 780 ζ

197 821 256 862 ιιοιι
282 799 336 860 nisi
357 799 391 880 ⁸in
416 798 614 878 coniugatione
634 793 716 854 Pilrel
735 793 798 854 Scri
821 801 883 852 tura
907 799 1027 874 usurpat
1049 813 1103 888 pro
1122 791 1266 874 Diligens
1287 793 1338 852 hic
1402 829 1403 836 ι

94 919 97 928 ·
197 887 294 941 eutem
312 879 438 959 positum
457 883 501 938 est
519 878 549 936 iu
574 875 772 956 coniugatione
812 874 848 949 al,
867 871 990 934 Hebraei
1030 873 1125 932 nudam
1143 873 1337 954 interpretau-
1402 869 1403 922 ἶ

179 967 246 1021 =tur
264 957 485 1022 Misericordiam
505 974 650 1036 quaerere,
677 955 736 1025 acsi
756 954 873 1014 dixisset
891 951 997 1025 David,
1051 952 1287 1048 ominffquaudo
1305 960 1338 1012 te

101 1085 104 1096 f
196 1037 407 1101 misericordem
424 1055 488 1096 sum
507 1037 592 1097 toties
611 1034 755 1116 expelles,
775 1039 913 1114 perpetuo
933 1035 963 1094 in
982 1040 1046 1094 tuas
1065 1033 1273 1093 nu'scrreordias
1292 1051 1339 1092 re-

197 1117 338 1190 cumbam,
358 1124 445 1196 atquc
464 1115 535 1175 haec
554 1115 669 1196 quidem
685 1115 826 1194 expositio
846 1113 988 1174 nonmale
1008 1112 1171 1192 quadram:
1191 1112 1273 1172 nolui
1295 1117 1339 1171 ta·
1402 1139 1403 1142 ¹

125 1249 134 1268 .
188 1217 265 1260 tmen
284 1197 319 1256 ab
339 1196 428 1256 altera
447 1195 536 1276 magis
557 1201 668 1276 recepta
689 1193 842 1257 domnae
872 1191 1036 1254 Notandum
1046 1211 1116 1254 vero
1130 1199 1184 1266 est,
1204 1209 1339 1252 anunm

195 1277 255 1339 Dei
272 1284 409 1356 tanquam
429 1275 521 1356 praeci
545 1295 613 1334 uum
633 1275 744 1355 pictatis
764 1293 796 1333 ca
819 1279 851 1333 ut
870 1272 916 1332 hie
935 1275 1017 1354 puni:
1038 1273 1105 1352 quie
1124 1271 1203 1332 nullu
1223 1291 1256 1331 re
1276 1291 1339 1330 me·
1402 1305 1403 1308 =

199 1360 254 1419 lius
274 1357 377 1416 colitur
397 1354 486 1415 Deus.
524 1296 630 1414 lassor
650 1353 776 1434 quidem·
813 1355 972 1414 everentiae
997 1353 1111 1448 nomine
1130 1353 1221 1434 magis
1240 1353 1340 1447 expri-
1402 1403 1403 1406 ,

199 1455 349 1578 latit
364 1433 776 1596 tlttltttatttntt
793 1432 1342 1594 tdattttttttttttt

199 1598 291 1659 lectus
310 1594 463 1676 possideat,
482 1593 593 1652 nrrllum
613 1593 639 1652 ei
659 1595 846 1690 praestantius
866 1591 1035 1652 sacrificinm
1054 1598 1105 1666 est,
1126 1611 1213 1672 quam
1233 1591 1283 1652 ubi
1304 1592 1342 1650 li·
1378 1648 1383 1656 ,

154 1677 171 1690 ’“
199 1675 302 1738 berulis
312 1681 342 1735 et
351 1675 500 1755 spontanei
520 1674 624 1733 amoris
644 1672 759 1734 vinculo
778 1692 839 1732 uos
852 1671 1061 1732 sibideuiuctos
1080 1677 1172 1734 tenet:
1192 1673 1272 1732 sicuti
1294 1675 1340 1730 vi-

200 1759 295 1818 cissim
315 1773 368 1814 nus
410 1772 457 1813 am
477 1753 588 1828 melius,
608 1770 695 1832 quam
714 1753 743 1811 iu
764 1753 886 1834 gratuita
906 1751 1039 1826 bonitate,
1059 1751 1120 1812 eius
1140 1751 1229 1832 gloria
1247 1752 1340 1812 reful-

201 1844 257 1918 get.
288 1834 355 1894 Ideo
396 1830 848 1912 psesDeut.10,12.summum
866 1829 951 1912 Legis
970 1831 1102 1914 colligere
1121 1831 1230 1894 voleus.
1239 1830 1342 1904 Nunc,

200 1917 303 1996 inquit,
324 1913 410 1974 lsrael
430 1911 498 1994 quid
522 1919 588 1973 ate
606 1913 679 2008 petit
698 1909 840 1972 Dominus
860 1909 955 1988 Deus,
979 1913 1032 1972 uisi
1052 1917 1085 1972 ut
1103 1913 1198 1993 ipsum
1218 1913 1344 1992 diligas?
1402 1949 1403 1960 ι

203 1997 378 2076 Quanquam
398 1993 483 2056 simul
503 1991 626 2052 ostendrt
645 1989 752 2068 David,
772 2011 803 2052 se
823 1993 939 2051 nonita
959 1991 1078 2052 alllxum
1098 2010 1161 2052 esse
1176 1989 1233 2052 Dei
1253 1992 1343 2052 bene·
1402 2025 1403 2040 ι

158 2075 385 2150 ,.ίίοἰὶι,“ιιι’ἱιι
406 2080 551 2134 auctorem
570 2073 607 2131 sit
627 2073 763 2152 ingratus,
784 2071 861 2152 quod
884 2073 986 2132 vitium
1006 2071 1137 2132 omuibus
1161 2073 1266 2133 seculis
1287 2071 1345 2132 luit

73 2219 78 2230 x
202 2158 324 2220 nimium
343 2152 468 2234 vulgare.
508 2149 546 2212 Et
570 2151 654 2211 hodie
679 2151 808 2212 videmus
831 2160 864 2212 ut
883 2155 974 2236 maior
992 2171 1058 2292 pars
1077 2152 1187 2227 mundi,
1206 2153 1344 2234 neglecto

204 2237 251 2297 vel
272 2232 432 2316 posthabito
452 2231 537 2304 Dem-
547 2233 672 2291 suaviter
691 2231 721 2290 in
740 2233 800 2292 eius
815 2231 897 2292 donis
916 2251 948 2293 se
957 2232 994 2293 ob
1005 2238 1087 2294 celet.
1125 2229 1223 2293 David
1243 2239 1345 2294 autem

203 2337 240 2379 ne
259 2318 289 2375 in
309 2315 385 2373 hanc
404 2312 635 2394 iugratitudinem
654 2311 769 2384 ineidat,
789 2311 833 2372 his
852 2312 1038 2393 uerbisquasi
1056 2320 1205 2394 nuncupat
1223 2313 1345 2374 solenne
1402 2331 1403 2336 ¹

204 2403 315 2466 votnm,
339 2393 479 2467 Domine,
505 2391 574 2472 quia
597 2397 632 2452 tn
655 2390 794 2452 fortitudo
819 2411 884 2453 mea
907 2413 954 2468 es,
973 2394 1083 2454 sincero
1102 2411 1200 2455 amore
1219 2393 1274 2454 tibi
1294 2393 1344 2454 ad·
1402 2425 1403 2472 ;

205 2479 298 2538 dietus
318 2493 377 2534 ero.

285 2557 313 2617 3.
334 2557 481 2614 Dominus
504 2560 593 2633 petru
617 2573 691 2612 meo.
731 2549 820 2631 Quod
844 2551 935 2612 multa
965 2552 1056 2634 elogia
1085 2553 1214 2634 congerit
1238 2551 1346 2634 quibus
1402 2545 1403 2588 ³

205 2636 303 2697 Deum
323 2640 415 2706 umet,
432 2631 494 2692 ἰιοιι
514 2635 794 2712 estsupervacunm.
835 2629 947 2691 Scimus
966 2634 1042 2692 enlm
1062 2651 1148 2712 quam
1169 2631 1288 2694 difficile
1308 2637 1348 2694 sit
1402 2647 1403 2654 ’

206 2721 315 2778 mentes
335 2719 364 2772 et
384 2713 471 2772 corda
491 2711 639 2770 hominum
658 2717 756 2772 tenere
769 2710 834 2770 Deo
854 2711 974 2772 addicta.
1015 2711 1089 2774 Nam
1108 2713 1156 2774 vel
1169 2711 1269 2773 Deum
1290 2714 1347 2773 sibi
1402 2777 1403 2780 Ἴ

206 2815 266 2856 ιιοιι
292 2791 423 2853 sufficere
447 2793 650 2872 imaginantur,
676 2799 710 2852 ut
733 2811 846 2872 semper
868 2790 935 2851 alibi
961 2791 1084 2853 subsidia
1107 2795 1271 2874 requirente
1297 2793 1347 2852 vel
1402 2801 1403 2808 ’

206 2878 300 2958 primo
325 2891 441 2954 quoque
465 2871 629 2932 tentationis
648 2871 773 3010 impulsu
798 2871 833 2930 ab
857 2873 918 2931 eius
937 2871 1040 2932 fidncia
1059 2871 1204 2936 excidunt
1245 2871 1349 2932 David

207 2975 277 3036 orgo
296 2955 392 3013 vadus
412 2951 543 3012 semmdi
563 2951 665 3012 modos
715 2969 750 3012 eo
775 2949 910 3026 tribuens,
931 2952 1016 3012 modo
1037 2971 1101 3012 eum
1121 2951 1225 3012 habeat
1244 2953 1350 3014 salutis
1402 2967 1403 2994 t

208 3055 276 3096 suae
296 3031 462 3114 praesidem,
483 3033 550 3091 satis
570 3051 713 3112 superque
738 3051 769 3090 se
788 3031 930 3091 munitum
954 3051 1015 3091 esse
1033 3039 1166 3092 testatur:
1187 3033 1247 3092 acsi
1270 3035 1349 3092 ‹lice-
1402 3057 1403 3076 ι

208 3123 262 3190 ret,
282 3133 341 3173 non
360 3113 447 3172 modo
467 3118 566 3171 eontra
586 3132 675 3171 unum
696 3110 863 3171 discriminis
884 3129 972 3190 genus
990 3117 1068 3172 tutos
1087 3129 1150 3172 esse
1190 3107 1350 3172 uos'Deus

208 3193 316 3256 auxilio
337 3211 390 3252 sno
411 3189 475 3250 vult
492 3191 576 3264 tnerl,
596 3191 645 3250 sed
666 3193 744 3249 omni
763 3196 890 3271 exparte
909 3191 947 3248 ita
967 3197 1063 3272 septos
1078 3133 1245 3252 essevdidn
1265 3211 1350 3273 prae-

209 3273 290 3345 sidio,
315 3279 349 3330 ut
372 3270 469 3331 nullae
494 3277 601 3329 mortes
625 3269 793 3330 metuendae
818 3270 884 3328 sint.
923 3267 1061 3331 Videmus
1087 3291 1156 3352 ergo
1175 3291 1237 3331 non
1258 3271 1349 3332 modo
1402 3309 1403 3334 l

164 3400 171 3420 ,
209 3349 388 3433 gratitudinis
407 3365 493 3408 canoa
512 3347 558 3408 hie
577 3349 713 3410 celebrari
731 3348 787 3410 nei
807 3349 918 3424 laudes,
938 3351 988 3409 sed
1007 3352 1107 3412 instrui
1125 3351 1208 3411 firma
1229 3359 1259 3411 et
1281 3371 1350 3412 enu-
1402 3401 1403 3418 ,

168 3497 170 3504 ,
208 3431 294 3491 stanti
312 3429 369 3490 lide
388 3430 507 3502 animos,
532 3436 566 3489 ut
585 3429 703 3488 subinde
729 3429 766 3488 ad
787 3427 882 3504 Deurp
900 3437 1055 3504 recurrant,
1080 3431 1216 3512 quioquid
1238 3433 1351 3492 acelde-
1402 3451 1403 3458 ¹

208 3513 259 3570 n’t:
280 3514 310 3569 et
330 3517 409 3569 certo
430 3511 556 3590 pemuasi
568 3509 632 3567 'sint
651 3509 834 3590 multiplicem
858 3527 920 3569 esee
944 3509 1005 3570 elus
1022 3511 1169 3585 virtutem,
1211 3517 1282 3571 rout
1301 3531 1351 3570 va·
1402 3539 1403 3550 ι

208 3593 265 3650 rias
290 3589 412 3648 nocendi
436 3589 544 3668 speeies
569 3589 733 3668 excogitant
756 3589 844 3669 impii.
884 3587 946 3648 Nec
969 3607 1039 3648 vero
1054 3589 1114 3650 ‘abs
1131 3590 1165 3649 're
1186 3531 1235 3666 dut
1255 3611 1353 3673 nuper
1402 3621 1403 3628 ι

211 3669 359 3747 admonui)
379 3669 408 3727 in
428 3667 483 3727 hae
502 3675 653 3748 pertatem
673 3668 805 3748 copiosus
825 3675 868 3727 est
877 3666 982 3744 David,
1002 3687 1067 3727 nam
1088 3671 1112 3728 sl
1131 3689 1185 3729 nus
1205 3689 1268 3730 uno
1290 3691 1354 3730 mo·
1402 3679 1403 3686 ’

210 3749 248 3808 do
273 3748 412 3807 adiuverit
435 3746 532 3822 Deus,
556 3744 674 3807 simulac
697 3754 798 3808 exorta
822 3753 867 3807 est
890 3765 965 3807 nova
988 3741 1156 3829 tenlpcstasp
1180 3769 1239 3808 nun
1268 3769 1356 3811 secus

147 3889 149 3893 ,
211 3829 427 3908 expavescimus
447 3827 506 3887 acsi
526 3845 673 3906 nunquam
693 3828 755 3887 eius
774 3827 910 3886 auxilium
930 3845 1056 3888 essemus
1075 3831 1198 3910 experti.
1239 3827 1281 3889 Et
1302 3831 1357 3910 qui
1402 3831 1403 3904 Q

210 3909 241 3967 in
260 3925 318 3967 una
338 3907 467 3968 molestia
488 3907 679 3966 defensionem
689 3905 724 3965 ab
745 3925 779 3966 eo
795 3911 968 3986 exspectant
990 3909 1356 3990 posteemalignerestrin·
1402 3921 1403 3960 t

230 3987 363 4048 unt‘eius
383 3988 554 4066 potentiam:
575 3986 690 4067 perinde
710 3986 819 4044 faciunt
838 3987 895 4044 acsi
915 3987 977 4064 quis
998 3987 1026 4045 in
1047 3989 1212 4048 eonlli'ctum
1229 3987 1356 4050 descen

212 4009 292 4140 dens,
322 4066 358 4125 de
382 4071 498 4144 pectore
523 4085 639 4126 securus
664 4066 714 4138 sit,
738 4066 805 4144 quia
828 4065 945 4124 thorace
969 4071 998 4124 et
1018 4065 1121 4146 clypeo
1141 4070 1274 4129 munitus
1295 4077 1359 4130 est:

214 4146 300 4224 capiti
320 4164 389 4204 vero
410 4151 527 4217 metuat,
547 4146 617 4224 qnia
634 4151 711 4204 caret
721 4144 808 4226 galea.
848 4143 917 4214 Iden
925 4143 1020 4204 David
1040 4147 1194 4227 panoplian
1215 4145 1266 4208 hic
1286 4170 1359 4208 su·
1402 4197 1403 4220 ι

213 4222 319 4304 peditat
339 4222 478 4297 fidelibus,
498 4231 532 4283 ut
551 4225 673 4283 sentiant
692 4244 723 4282 se
743 4223 883 4282 adnullos
902 4225 977 4282 ictus
996 4243 1058 4284 essa
1084 4245 1121 4285 ex
1143 4228 1243 4300 ositos,
1263 4247 1317 4288 mo
1402 4229 1403 4296 l

214 4305 315 4362 armati
335 4303 392 4361 sint
411 4299 467 4362 Dei
487 4304 602 4362 virtute.
642 4303 740 4382 Atque
749 4302 826 4378 hunc
835 4303 944 4362 consilii
964 4305 1008 4363 sni
1020 4302 1106 4364 finem
1118 4247 1247 4369 declarat
1263 4327 1360 4388 quum
1402 4345 1403 4374 ι

213 4381 290 4456 dicit,
315 4381 446 4462 speram
471 4391 503 4444 tu
527 4403 569 4444 eo.
611 4379 709 4460 Quare
733 4381 873 4444 discamus
897 4383 957 4443 eius
982 4385 1131 4466 exemplo,
1147 4397 1363 4468 'quaecunuue
