2726 4888
461 252 503 292 ru
532 241 614 292 rso
629 253 645 292 r.
661 253 691 292 rr.
720 253 802 294 surii.
1148 259 1201 312 ιιι

21 373 127 434 sititis
158 373 299 454 indigent,
319 371 416 436 Deum
435 380 532 438 temeu
558 373 611 436 sibl
636 394 699 436 esse
723 375 812 439 iustior
835 374 940 436 sibiet
958 384 1060 472 potus,
1079 383 1113 440 ut
1132 378 1201 440 illue

21 453 162 516 seratur
186 471 238 516 sue
261 455 379 516 esurire
419 451 508 534 Quod
533 456 644 518 enimus
669 456 761 532 sum,
783 457 862 518 curui
886 455 991 518 lumem
1012 455 1120 531 tribuit,
1138 479 1213 520 nou·

25 533 136 596 debet
159 551 225 594 seru
248 533 329 598 uloee
347 535 436 616 euripi
448 537 642 616 istnpertitio:
663 537 730 616 quie
749 535 1199 616 simplieiterintelligitseeuime
1240 602 1244 610 ,

27 621 70 674 et
94 631 191 674 eene
259 631 307 674 mn
326 622 471 696 oppetere.
512 613 653 693 Quemvis
672 617 748 676 euim
767 615 847 676 nullo
867 617 995 696 appetitu
1015 637 1066 697 per
1085 636 1117 678 se
1135 638 1199 678 mo-

29 700 135 756 vetur
158 712 210 754 eor
228 713 275 834 pr,
289 696 479 833 prmsnostis
498 701 611 770 eonrlut
630 697 742 758 enimes
766 697 885 761 effeetus
909 695 979 766 illue
1002 716 1094 778 usquo
1113 717 1198 778 pene-

28 779 125 834 trare
146 779 179 834 et
220 773 288 838 'iun
309 775 326 838 i.

128 853 164 916 3·
183 858 239 916 Sin
254 861 289 916 to
308 859 501 918 moneare.
541 855 702 918 Confirmet
721 855 799 937 quod
818 877 912 937 nuper
930 857 1019 938 attigi,
1044 875 1084 929 se,
1126 877 1196 918 uum
1219 900 1222 908 ·

30 934 69 992 in
94 932 217 994 memo
240 937 337 996 rerum
357 937 486 998 omnium
505 936 589 1018 inops
609 943 718 1017 egeret,
742 955 891 1017 nunquam
910 943 1007 999 tomen
1027 934 1082 995 Dei
1105 876 1196 998 hisne

33 1011 186 1076 oblitum.
225 1009 300 1076 Nem
324 1016 480 1096 pretioulee
498 1015 558 1090 Sic,
582 1037 641 1082 uon
665 1017 729 1078 lere
754 1019 868 1100 pondus
890 1018 981 1078 inest:
999 1017 1057 1078 neri
1078 1015 1195 1089 diceret,

33 1087 198 1171 Quemvis
216 1094 246 1156 in
265 1093 321 1154 beo
340 1095 493 1160 solitudine
512 1096 585 1158 nihil
605 1098 660 1156 nisi
678 1097 759 1158 triste
783 1104 812 1158 et
831 1096 978 1158 horridum
997 1103 1142 1192 appareat,
1162 1103 1196 1156 ut

31 1174 108 1254 ipen
137 1173 196 1234 loei
219 1175 356 1254 asperiter
382 1177 472 1256 possit
497 1175 682 1238 obtenebrare
707 1176 818 1238 oeulos:
844 1197 898 1258 ego
918 1184 1014 1237 tumen
1033 1195 1065 1234 ru
1084 1176 1192 1256 gloriae

34 1261 70 1312 et
93 1253 216 1314 virtutis
234 1260 302 1317 tuse
321 1256 427 1332 intuitu
446 1276 494 1316 me
512 1276 642 1332 exorem,
700 1257 780 1318 rinde
795 1259 853 1318 arsi
862 1261 893 1316 in
902 1255 1072 1318 Snuotumio
1092 1273 1192 1316 essem.

35 1331 200 1410 Quamdiu
226 1333 348 1396 liberum
367 1335 461 1396 lueret
481 1334 584 1397 Doridi
604 1337 635 1396 in
677 1339 856 1400 aestuarium
873 1336 963 1411 edire,
981 1335 1091 1396 nultum
1111 1334 1192 1396 illum

35 1413 173 1493 legalem
193 1414 309 1476 minime
328 1415 507 1497 neglexmstr
526 1417 594 1497 quie
614 1417 719 1480 solebat
743 1416 847 1480 talibus
867 1417 1037 1478 adiumentis
1054 1414 1111 1474 sibi
1130 1431 1192 1478 esse

37 1511 134 1573 opus.
175 1488 260 1554 Nune
281 1493 329 1554 ubi
348 1493 516 1576 prohibetur
534 1495 570 1558 ab
590 1514 715 1572 moeson,
738 1504 863 1558 mentem
888 1515 970 1558 suem
990 1495 1114 1555 ostendit
1132 1514 1193 1554 non
1221 1551 1223 1556 ,
1271 1560 1273 1573 Ι

37 1573 397 1653 esseextmnissymbolis
416 1575 547 1638 allisum:
568 1579 634 1657 quir
654 1577 683 1636 in
704 1577 842 1658 spirituali
854 1576 910 1638 Dei
930 1576 1067 1657 odspeotu
1087 1573 1190 1634 nihilo·
1309 1615 1312 1622 -

37 1653 145 1714 minus
165 1671 197 1712 se
216 1652 349 1719 oblectet.
389 1653 428 1718 Et
451 1657 537 1718 simul
561 1659 647 1718 etiam
666 1677 698 1716 re
722 1659 784 1738 ipsu
809 1657 986 1722 demonstret
1010 1673 1097 1736 quam
1118 1653 1190 1716 hene

37 1732 213 1813 profecerit.
226 1733 256 1792 iu
282 1735 338 1794 illis
362 1736 474 1816 pietalis
497 1738 638 1800 exercitiis
664 1755 738 1817 quae
758 1735 901 1799 Dominus
925 1736 955 1796 in
974 1733 1050 1814 Lege
1074 1733 1189 1822 mende-

43 1818 139 1872 reret.
159 1810 257 1878 Crassi
275 1819 305 1874 el
324 1817 512 1895 superstitiosi
532 1816 671 1892 hemines,
691 1817 856 1896 quantisper
875 1823 940 1880 oute
952 1816 1052 1876 oculos
1072 1831 1187 1876 versen-

45 1899 101 1954 tur
120 1893 304 1967 serenissim,
329 1895 463 1956 ridentur
486 1896 539 1956 reli
566 1897 666 1958 ardore
685 1897 715 1956 iu
735 1896 848 1958 eoelum
869 1896 949 1962 lorti:
974 1894 1023 1954 sed
1044 1912 1101 1954 une
1121 1912 1187 1952 eum

18 2044 23 2050 Ι
45 1971 203 2066 epeotrouli
227 1971 320 2068 ligure
339 1975 437 2070 stetim
455 1975 561 2070 religio
581 1977 635 2037 illis
655 1977 807 2038 evanescit.
847 1973 942 2036 Dorid
963 1981 1071 2069 outemp
1089 1975 1188 2052 quom·

42 2071 191 2192 :tuh
207 2059 336 2214 llll:
353 2061 393 2196 :l
406 2063 819 2212 tultfflhutlhlltt
833 2059 1189 2214 littltlpttfttrlt
1219 2147 1224 2156 ,

42 2231 103 2272 nos
123 2213 249 2275 externis
269 2213 401 2276 omnibus
427 2217 534 2294 gratiae
554 2214 609 2276 Del
634 2216 773 2294 symbolis
799 2216 914 2296 spoliari
934 2217 1094 2293 conlingat,
1114 2214 1189 2272 inter

40 2291 157 2352 medies
176 2311 294 2372 queqtm
313 2293 433 2373 ebysres
453 2293 560 2356 Deum·
574 2295 640 2356 fidei
660 2295 751 2358 omlis
777 2295 988 2375 ndspioiendum
1014 2293 1097 2352 nobis
1116 2310 1188 2366 esse,

40 2391 84 2432 ne
103 2379 219 2451 tergum
237 2374 264 2434 ei
283 2371 465 2440 obrememur
478 2373 599 2436 rimulae
610 2375 733 2438 visibiles
752 2373 1076 2463 figurnonobispblntee
1094 2377 1188 2440 eruut.

43 2451 98 2512 Sin
117 2457 179 2516 uta
203 2452 264 2514 vile
282 2453 430 2534 spirituus
452 2455 598 2516 lavacrum
619 2456 696 2536 quod
721 2456 810 2516 semel
830 2455 961 2518 Christus
981 2453 1062 2514 nobis
1082 2454 1112 2515 in
1132 2451 1186 2532 llo·

42 2532 154 2612 ptismo
177 2533 401 2612 repraesentavit
425 2531 498 2614 Eph.
519 2536 548 2607 5,
568 2538 616 2598 26.
641 2531 695 2596 Tit.
717 2540 746 2608 3,
768 2536 795 2597 5.
821 2534 913 2595 fixum
932 2535 961 2594 in
982 2553 1067 2594 sensu
1086 2537 1187 2592 nostro
1246 2586 1250 2594 Α

42 2627 162 2672 summe
185 2609 277 2672 debet„
318 2611 367 2676 Sin
390 2632 494 2674 ursano
513 2613 620 2676 Christi
645 2635 711 2676 eum
735 2614 872 2676 membris
895 2615 955 2674 suis
980 2613 1101 2675 sooietus
1127 2629 1187 2671 nou

42 2689 134 2750 morlo
157 2691 189 2752 iu
208 2689 323 2754 Coeuee
349 2695 474 2768 notione,
498 2694 548 2754 sed
571 2710 685 2775 semper
709 2713 858 2756 oeeurrere
881 2693 964 2754 nobis
987 2693 1079 2752 debet.
1122 2690 1186 2752 lmo

44 2773 130 2851 sique
153 2771 197 2832 vie
220 2772 371 2852 tyrannica
395 2791 506 2835 suerum
525 2773 653 2836 Coenam
678 2781 709 2838 et
737 2775 792 2836 elia
817 2773 929 2856 pielntis
954 2771 1079 2832 subsidio
1103 2771 1186 2834 nobis

45 2850 250 2932 sorte-eripiet,
269 2853 428 2914 serentium
447 2859 544 2915 tumen
562 2861 608 2914 est
625 2873 663 2914 ne
677 2873 708 2914 se
718 2873 844 2934 unquam
859 2853 963 2915 mentis
977 2859 1094 2912 nostrae
1111 2849 1187 2912 oculi

46 2927 149 2992 nDeo
167 2938 307 2996 evomunt.
346 2930 447 3011 Quum
468 2932 536 2994 dicit
554 2951 585 2992 se
595 2942 762 3014 conspicere
780 2941 878 3016 ipsum
897 2934 938 2992 ori
955 2933 1121 3004 uidendum,
1141 2950 1186 2990 se·

49 3010 145 3072 dulem
163 3013 353 3076 attentionem
370 3019 465 3074 notul:
484 3013 542 3074 rosi
562 3014 676 3086 diceret,
701 3012 802 3074 Studio
826 3031 891 3072 meo
909 3012 946 3072 ed
970 3013 1046 3072 hene
1069 3011 1185 3074 medilu-

47 3092 154 3152 tiouem
163 3091 312 3172 diligenter
331 3091 454 3174 applico,
474 3099 508 3154 ut
525 3091 597 3152 mihi
616 3099 748 3154 occurrat
762 3091 819 3162 Dei
838 3092 927 3174 gloria
947 3099 975 3153 et
996 3091 1096 3168 virtus,
1116 3109 1186 3171 que·
1272 3133 1281 3142 -

47 3191 113 3232 rum
130 3172 225 3251 imogo
244 3173 274 3232 in
293 3171 463 3234 Sanetunrio
481 3173 610 3254 relulget.
1174 3204 1176 3214 ·

125 3251 161 3314 4:
175 3257 257 3328 Quin
267 3255 371 3314 mehor
386 3255 547 3316 clementio.
572 3249 747 3334 Queuqnepu
767 3271 869 3314 eorum
885 3253 1052 3314 senteutiam
1068 3269 1126 3312 non
1142 3270 1184 3310 re·
1222 3301 1225 3311 .

48 3329 135 3412 pudio
194 3334 204 3391 i
223 3353 283 3396 uuo
301 3338 438 3394 contentu
457 3333 556 3412 legunt
574 3332 653 3394 beno
671 3353 795 3405 versum,
816 3335 894 3413 prius
908 3340 1006 3406 tomen
1013 3331 1184 3406 membrum,

48 3430 114 3472 meo
130 3411 160 3472 lu
181 3413 247 3484 isio,
265 3431 333 3474 enm
352 3409 500 3494 superiore
519 3429 605 3474 versu
625 3414 719 3493 aptius
743 3413 886 3474 eohueret.
926 3413 996 3474 lllihi
1021 3414 1097 3472 enim
1117 3431 1185 3472 esu·

48 3509 110 3552 sem
136 3491 255 3554 reddum
273 3492 387 3554 ridetur
405 3490 501 3553 David
521 3511 574 3552 our
592 3499 742 3573 tantopere
761 3491 827 3553 Deo
851 3493 936 3553 luerit
960 3493 1098 3554 oddiotus.
1139 3492 1184 3554 Ao

48 3573 139 3652 primo
163 3571 280 3652 quidem
302 3573 460 3634 notandum
480 3579 532 3646 est,
558 3573 614 3633 sub
633 3581 711 3634 ottae
730 3574 846 3634 nomine
866 3573 1070 3654 comprehendi
1089 3573 1183 3634 medie

8 3679 16 3689 ’
49 3652 141 3712 omnin
181 3651 263 3713 uibus
288 3659 394 3714 statum
413 3673 497 3714 suum
517 3659 635 3714 tuentur
660 3653 798 3714 homines.
840 3651 990 3731 Quamdiu
1009 3655 1085 3714 enim
1105 3653 1182 3712 uide·

50 3737 111 3794 luur
133 3733 215 3793 nole
240 3732 330 3814 probe
354 3733 472 3807 muniti,
494 3735 526 3794 in
549 3741 675 3796 nentem
697 3753 757 3794 uon
783 3735 861 3794 venit
885 3733 923 3794 od
942 3733 1000 3796 Dei
1023 3734 1182 3794 miseriror-

50 3813 121 3874 tlium
140 3809 303 3894 eonlnpere.
343 3810 477 3895 Deniprm
501 3820 634 3878 nosbo'm
656 3833 733 3889 erse,
757 3820 790 3874 ut
814 3813 855 3874 ite
879 3813 999 3894 loquer,
1015 3812 1182 3970 perstringit

49 3891 128 3952 uobis
147 3889 255 3967 oeulos,
274 3913 311 3958 ue
331 3913 480 3956 cernemus
500 3891 627 3960 soluDei
647 3894 736 3978 gretia
755 3913 808 3954 nos
824 3893 984 3957 subsistere.
1047 3895 1093 3960 uia
1113 3909 1182 3970 ergo

48 3971 162 4032 terrenis
182 3971 313 4035 subslrliis
333 3975 451 4049 suffulti,
475 3972 572 4036 Deum
591 3975 650 4036 lere
670 3973 872 4050 obliviscimur,
891 3974 940 4035 hie
959 3977 1058 4033 usserit
1077 3969 1182 4044 David,
1301 3985 1309 4014 t

48 4051 147 4115 melius
164 4050 247 4112 nobis
266 4073 328 4116 esse
346 4056 405 4116 ini
441 4061 570 4116 omorte
588 4055 694 4118 subniti
712 4054 770 4115 Dei
794 4055 1002 4128 misericordia,
1036 4071 1123 4134 quom
1149 4049 1188 4124 iu

49 4132 122 4192 vitre
140 4135 303 4214 apparentia
322 4134 398 4196 eonii
434 4153 475 4196 re.
506 4133 643 4216 Frigidius
663 4155 698 4199 no
718 4135 833 4202 dilutius
847 4137 895 4198 ulii
914 4140 1073 4214 exponunt,
1093 4133 1182 4190 vitam

49 4219 185 4287 nostrum,
251 4213 341 4275 amris
359 4215 485 4311 pretiose
510 4216 556 4290 sit,
580 4217 716 4298 postponi
735 4213 792 4276 Dei
815 4206 1037 4278 misericordius:
1062 4212 1121 4272 ensi
1141 4210 1181 4270 di·

51 4299 131 4367 ceree
150 4295 226 4352 omni
247 4313 280 4355 us
300 4293 382 4354 boms
400 4293 457 4356 boo
477 4312 567 4355 unum
590 4299 693 4358 merito
718 4295 863 4377 praeferri,
888 4314 979 4376 quum
999 4291 1079 4354 Deus
1099 4293 1182 4352 notris

51 4379 90 4433 est
108 4373 253 4455 propitius.
293 4373 384 4456 Atqui
402 4375 527 4452 tenende
545 4382 589 4438 eet
607 4375 756 4438 antithesis
777 4377 851 4454 iuter
870 4375 1041 4436 ineolumem
1067 4381 1182 4449 stolum,
