2748 4890
307 269 351 332 ι,
400 273 787 320 ιιινιιιι.ιιιιιιιιι.
1103 275 1157 334 287
1207 257 1209 267 ¹
1279 292 1289 308 s

35 418 133 480 nrum,
156 401 286 483 quamvis
310 417 371 460 uon
396 397 662 480 suppeditet'Deus
689 404 828 478 quantum
851 397 919 458 setis
942 405 1017 460 esset
1041 399 1077 460 ad
1101 417 1156 462 nos

34 483 197 555 saturandos,
217 481 272 542 nisi
289 486 385 541 tamen
405 471 487 540 nobis
509 477 601 538 obstet
621 484 718 538 nostra
733 475 914 556 ingratitudo,
933 479 963 538 iu
980 479 1055 540 lame
1069 484 1156 542 eiiam

33 576 57 628 et
74 569 196 647 egesbte
208 561 363 622 sentiemus
383 558 503 640 benigne
523 565 552 619 et
571 557 723 618 liberaliter
742 557 778 616 ab
797 557 860 637 ipso
879 578 933 618 nos
948 559 995 620 ali.

111 719 162 788 20.
191 715 274 803 Quia
295 715 383 807 impii
406 713 562 806 peribam,
583 724 616 782 et
635 711 753 800 inimici
774 711 910 781 lehovae
933 715 1156 808 quasipretio

34 852 96 896 sum
116 845 269 918 agnorum
292 831 534 903 consumentur,
561 819 705 886 insumo
727 830 963 888 consumentur.
1008 821 1061 890 21.
1089 818 1157 902 Mu-

34 944 126 1002 tuatur
145 929 273 1022 impius,
294 935 327 996 c't
349 951 415 997 non
437 925 546 994 solvit:
568 925 682 1024 iustus.
696 935 802 994 autem
816 926 1032 1026 ·miseretur,et
1049 910 1155 1008 donat.

35 1042 79 1106 22.
99 1038 178 1123 Quia
199 1033 357 1114 benedicti
378 1035 447 1102 eius
467 1032 657 1101 haereditate
680 1031 1025 1131 possidebuntterram,
1048 1047 1079 1104 et
1095 1062 1159 1108 me-

35 1144 127 1214 ledicti
147 1142 215 1211 eius
238 1141 432 1212 excidentur.
575 1227 579 1260 Ι
921 1222 926 1232 1
1152 1151 1154 1154 ’

101 1253 162 1352 bb.a
177 1295 261 1363 Quia
281 1296 365 1370 impii
378 1287 526 1370 peribunt.
566 1281 737 1356 Particulam
757 1283 899 1344 causalem
919 1288 959 1354 t:
980 1285 1157 1351 adversative

37 1373 143 1454 positam
161 1369 351 1450 interpretor:
370 1368 422 1428 nisi
442 1364 611 1426 fortealtills
625 1365 792 1424 senteutiam
805 1371 934 1444 repetere
948 1358 1079 1448 placeat.'
1098 1369 1158 1429 Sed

38 1453 117 1532 aptius
136 1439 290 1509 cohaerent
309 1449 363 1507 ista
383 1445 535 1518 antitheta,
566 1463 626 1524 quo
649 1445 717 1504 insti
740 1445 878 1506 satientur
902 1446 933 1506 in
957 1447 1047 1520 fame,
1076 1449 1158 1530 impii

40 1531 221 1596 columellam
241 1531 273 1588 iu
292 1525 385 1588 media
403 1525 575 1584 abundantia
594 1530 723 1604 pereant:
784 1525 810 1583 ia
825 1525 927 1586 scilibet
941 1525 989 1586 ubi
1004 1545 1056 1586 sua
1076 1528 1159 1609 copie
1213 1569 1222 1596 ,
1350 1515 1351 1524 ¹

41 1609 182 1682 confidunt,
208 1607 292 1668 Deus
316 1605 434 1668 oeeultle
457 1603 551 1666 modis
575 1621 625 1662 eos
648 1605 677 1662 iu
697 1603 754 1662 nih·
769 1623 818 1664 um
836 1606 946 1686 redigit.
987 1604 1043 1668 Dei
1063 1615 1159 1668 autem

41 1692 150 1750 inimicos
169 1705 289 1755 vocans,
309 1687 443 1747 admonet
459 1683 655 1744 einsviudleta
670 1683 744 1742 iuste
762 1684 896 1766 opprimi,
915 1703 1003 1766 quam
1022 1687 1080 1746 suis
1099 1705 1159 1748 sce·
1223 1755 1228 1776 x

42 1770 130 1830 irritu
142 1767 370 1864 silli-aecensunt:
396 1765 484 1861 Quod
500 1764 569 1860 dieii
582 1771 715 1824 commi
728 1771 871 1896 inopima:
884 1774 1161 1924 pneltppugpaplgppi

42 1873 110 1988 Ἧι,
117 1847 248 1998 (1ᾞῖἓῖ
268 1846 407 1986 {seppppes
424 1850 586 2006 zdgffilllellett,
609 1841 671 1982 ιῗιξιίι1
694 1847 833 1981 gpppp]
853 1863 1103 1998 ungraseeleelliores,
1129 1929 1159 1990 eb

47 2010 147 2070 eximiae
165 2008 347 2088 pinguedinis
366 2007 472 2065 notari:
493 2003 571 2084 qnod
592 2021 609 2062 o
632 2004 699 2062 time
718 2002 754 2061 ad
769 2003 919 2064 antithesin
934 2005 1063 2086 quadrat.
1084 2005 1159 2091 Hinc

46 2090 109 2150 euim
124 2089 255 2148 discimus
274 2086 367 2167 (quod
386 2088 475 2146 etiam
491 2076 577 2156 docet
594 2021 667 2142 aller
684 2080 849 2162 Propheta)¹
869 2087 988 2166 saginari
1007 2087 1110 2168 impios
1128 2087 1160 2150 in

47 2170 108 2231 diem
124 2169 308 2237 manationis,
327 2173 361 2226 ut
380 2185 480 2226 eorum
498 2163 627 2223 luteribus
646 2163 784 2222 maturior
797 2164 842 2235 sit,
862 2183 920 2246 quo
934 2165 1038 2228 lautius
1055 2167 1161 2229 ineunt

45 2250 144 2308 tractati.
165 2253 308 2310 &ruam
327 2255 360 2308 tn
374 2247 464 2330 famo
483 2231 650 2308 tantundem
660 2243 735 2303 velet
750 2261 783 2304 ae
801 2241 881 2304 brevi
901 2256 1081 2324 evanescere,
1102 2245 1160 2310 nesi

48 2329 137 2390 dietum
155 2337 242 2404 esset,
264 2327 335 2388 nihil
354 2327 469 2387 subesse
488 2327 519 2386 iu
538 2325 593 2406 illis
612 2323 688 2384 lirmi
707 2323 754 2383 vel
773 2323 864 2384 solidi.
905 2323 965 2404 Qui
984 2347 1035 2408 per
1054 2339 1160 2390 nomen

47 2407 117 2468 Pretii
139 2410 252 2549 adipem
276 2408 448 2547 intelligunt,
479 2407 515 2465 ad
538 2406 650 2464 imnum
675 2404 804 2464 consumi
827 2406 1048 2487 interpretantur
1077 2407 1161 2470 sicuti

198 2511 204 2548 ι

49 2489 168 2567 pinguedo
207 2488 315 2570 quelli,
339 2507 374 2549 ve
405 2489 516 2548 arescit
556 2483 614 2546 Sed
634 2484 732 2546 vident
755 2483 875 2550 tectores
900 2489 1024 2568 priorem
1044 2506 1160 2548 sensum

48 2568 129 2628 uelim
146 2589 312 2648 congruere.
533 2577 536 2584 ’

110 2649 154 2717 bl,
180 2653 350 2718 Mutantur
371 2647 496 2730 impias?
528 2643 678 2705 Falluntur
700 2644 751 2726 qui
776 2649 879 2725 putant
900 2643 950 2706 hie
973 2647 1065 2708 malae
1094 2647 1161 2710 fidei

50 2727 154 2788 damnari
172 2730 291 2810 impios,
316 2728 404 2810 qnod·
413 2724 571 2792 fraudando
591 2725 714 2784 alienum
734 2743 765 2786 ra
786 2726 860 2784 iant:
884 2747 983 2788 rursus
1002 2727 1110 2788 laudari
1129 2732 1161 2790 iu

24 2805 100 2866 ‘liliis
116 2805 172 2878 ltu,
190 2809 412 2878 humanitatem,
441 2806 519 2886 quod
543 2805 633 2886 parati
658 2807 715 2864 siut
738 2747 784 2864 adJ
798 2805 948 2866 levandam
972 2807 1093 2868 fratrum
1118 2808 1161 2871 iu·

50 2888 134 2966 opiam.
170 2886 272 2949 Potius
295 2889 372 2948 euim
396 2885 453 2946 Del
474 2885 699 2946 benedictionem
722 2903 789 2964 erga
808 2887 872 2966 pios
892 2888 1071 2948 sommendat
1090 2886 1161 2950 Prot
1232 2925 1234 2932 ι
1266 2886 1270 2902 “

50 2967 129 3044 pheta,
146 2974 173 3028 et
191 2987 229 3028 ex
252 2969 385 3049 opposito
404 2973 538 3040 testatur,
562 2966 656 3044 impiis
674 2983 823 3045 uunquam
842 2967 910 3025 setis
930 2987 1000 3028 esse.
1041 2967 1161 3030 Summa
1205 3035 1207 3040 ,

50 3045 188 3122 igiturest,
212 3047 310 3110 Deum
336 3045 448 3106 abunde
471 3045 568 3126 largiri
592 3045 651 3103 suis
676 3043 752 3104 unde
773 3047 830 3104 sint
850 3063 916 3126 erga
936 3047 1007 3106 alios
1026 3047 1161 3110 benefici:

50 3124 133 3204 inpios
147 3135 246 3188 'summ
266 3145 378 3210 semper
397 3144 458 3186 esse
477 3125 638 3198 famelicos,
665 3130 699 3184 ut
722 3143 771 3184 eos
796 3124 833 3204 ad
856 3123 970 3187 fraudes
995 3131 1162 3212 etgrapinas

51 3213 116 3282 cogat
133 3207 234 3288 iuopia.
274 3207 313 3268 Et
330 3213 407 3266 uerte
427 3205 480 3265 nisi
500 3205 589 3266 oculis
609 3205 713 3264 nostrie
732 3204 875 3266 obiectum
895 3213 970 3268 esset
989 3213 1113 3290 stuporis
1133 3215 1177 3278 et¹

52 3285 288 3362 somrdiaerelum,
308 3285 434 3368 quotidie
453 3303 489 3365 ap
511 3290 591 3345 arent
609 3283 695 3344 buius
714 3285 755 3344 rel
774 3283 954 3348 documenta.
979 3285 1053 3347 Nam
1074 3304 1162 3368 queu-

53 3367 140 3423 tumris
161 3367 304 3428 abundent
327 3367 416 3446 impii,
446 3305 515 3426 lucft
537 3371 635 3424 tamen
652 3364 831 3445 inexplebilis
851 3383 952 3427 eorum
972 3369 1110 3448 cupiditas
1131 3376 1164 3430 ul

55 3439 183 3506 hincinde
202 3448 284 3528 qnasi
325 3446 462 3506 raedoncs
481 3446 602 3526 repient,
619 3463 714 3524 neque
734 3451 860 3526 unquam
880 3448 936 3507 sint
955 3447 1102 3522 solvendo,
1121 3451 1163 3508 in·

54 3525 113 3580 terea
130 3528 287 3608 suppeditat
336 3545 386 3586 eus
399 3523 558 3585 ‘filiis'suie
584 3524 663 3620 pund
682 3543 740 3585 uon
759 3526 847 3586 modo
867 3526 990 3586 sufficiat
1008 3529 1038 3588 in
1057 3530 1163 3588 medio·

55 3617 103 3658 tres
119 3625 195 3681 usus,
220 3608 272 3670 sed
296 3605 372 3666 unde
395 3607 482 3666 etiam
501 3605 571 3664 alins
590 3611 697 3665 invent.
736 3603 876 3685 Equidem
895 3625 954 3666 non
974 3625 1048 3688 nego
1068 3606 1163 3690 repre!

55 3675 122 3740 hendi
144 3685 245 3768 impios
271 3685 349 3768 quod
373 3686 594 3766 intemperanter
619 3687 714 3744 emula
739 3685 882 3758 vorando,
911 3705 979 3746 suos
1009 3689 1163 3748 creditores
1255 3681 1261 3696 '

55 3757 174 3823 lraudeut:
202 3766 312 3826 laudari
336 3767 421 3826 etiam
444 3767 550 3838 iustos,
597 3765 655 3823 uod
678 3766 708 3824 in
733 3772 842 3824 rectum
863 3765 950 3826 finem
970 3773 1087 3827 utantur
1106 3767 1163 3828 Dei

55 3833 228 3906 beneficentia:
258 3847 309 3906 sed
337 3845 487 3906 eonsilium
511 3843 590 3925 Prop
611 3849 672 3903 etue
702 3849 745 3904 est
768 3845 871 3905 docere
895 3847 964 3927 quid
987 3848 1092 3908 valeat.
1106 3847 1164 3908 Dei

56 3913 199 3984 benedictio.
219 3925 315 4006 Atque
329 3925 404 3986 bane
418 3925 586 3984 seutentiam
600 3925 701 3984 melius
721 3924 870 3987 coufirmat
912 3928 1037 3986 reximus
1054 3947 1163 4002 versus,

57 3994 95 4088 ubl
112 4001 249 4100 dbepmgd
269 4009 403 4102 statuitur
425 4006 455 4064 in
468 4001 530 4100 ‘Dei
556 4003 817 4102 benedictionem}
840 3947 1046 4066 melddietione.
1086 4007 1163 4088 Ergo

58 4082 449 4226 ,ettt‘sttltll'tl'
451 4081 537 4245 ,⁰11³
551 4085 1164 4242 :stititlttttttttttttttlt

60 4233 145 4298 solutio
162 4245 322 4326 extorqueri
340 4263 489 4324 nunquam
509 4253 616 4324 potest:
635 4247 789 4324 respondet
802 4246 896 4306 David
915 4247 979 4306 illos
999 4265 1061 4310 esee
1080 4246 1163 4308 bene-

60 4309 132 4376 dictos
145 4337 160 4380 a
173 4321 305 4398 Domino,
315 4325 472 4385 bosautem
488 4327 549 4384 eius
564 4325 761 4387 maledictione
776 4321 949 4408 pessun'dan'.
969 4323 1057 4404 Quod
1072 4329 1164 4390 active

61 4393 156 4468 quidam
181 4407 332 4479 ttnwm
361 4411 511 4486 exponunt
528 4405 733 4468 Benedicentes
757 4408 847 4486 iusto,
870 4413 1001 4468 sonetum
1020 4413 1049 4470 et
1068 4407 1165 4471 absur-

1101 4699 1122 4736 0
