2804 4890
455 281 500 323 ru
527 241 807 328 assum-‚mu
1176 289 1230 348 229

76 404 252 466 smlentosr
272 403 340 485 qula
359 402 436 484 apud
454 403 583 486 plebeios
602 405 693 468 nen
711 408 939 490 estptaeiudicii,
960 407 1097 493 quicquid
1117 411 1229 476 abillis

97 485 246 546 soleclum
266 492 319 546 est.
358 483 479 566 Optime
498 505 568 568 ergo
585 489 729 566 congruet
750 508 862 564 mnsus,
887 509 903 550 a
924 497 985 552 toto
1005 490 1161 552 Procerum
1183 515 1228 554 or·

72 505 145 626 bins
170 564 381 625 contumeliose
405 563 571 626 damnatum
596 567 689 628 lulum
713 565 871 642 Davidem,
885 577 928 630 ut
953 573 1054 633 edrum
1075 572 1227 652 splendore

74 663 221 726 oppressa
240 644 328 704 luerit
346 644 443 703 alllicti
463 644 586 705 bominis
601 647 772 720 innocentia,
793 667 880 730 quam
895 652 1064 712 seutentiam
1075 653 1226 722 confirmat

71 725 156 804 quod
178 726 317 785 contiuuo
336 731 402 804 post
421 724 557 805 adiungit,
582 729 686 788 Pouor
698 736 941 822 circumquaque,
961 732 1031 790 dum
1052 735 1221 794 consultant

71 807 178 865 etmel.
219 801 294 864 Nam
314 823 405 883 quum
425 804 461 864 dc
482 805 579 866 iisdem
600 806 746 885 loquatur,
766 809 900 945 optruain
922 810 1060 887 primores
1072 810 1127 870 boc
1147 831 1225 898 epm·

70 891 180 965 petere
204 889 315 944 oestrum
336 889 392 956 est,
413 903 499 964 quam
520 885 549 944 iu
570 885 723 946 obscurum
748 907 784 946 vn
798 907 860 969 gns.
901 885 992 948 Porro
1012 891 1151 963 videmus,
1173 892 1223 954 im·

70 967 140 1044 pios
162 964 208 1025 sic
226 962 412 1030 fraudulentis
432 964 559 1024 consiliis
576 966 650 1024 inter
670 985 701 1026 sc
721 969 897 1047 conspirasse
917 969 953 1027 ad
974 969 1148 1048 perdendum
1164 969 1222 1032 Ds-

69 1045 306 1205 bbberbbulstdlc
324 1124 409 1182 etiam
429 1125 561 1184 convitiis
580 1144 647 1184 enm
667 1125 814 1201 lacerasse,
836 1133 869 1185 ut
899 1129 1051 1188 roterviam
1071 1129 1137 1188 lucu
1158 1149 1220 1210 gra·

70 1205 176 1264 vitatis
196 1207 335 1284 tegerent,
354 1201 390 1261 de
408 1203 469 1262 eius
489 1205 614 1283 pernicie
637 1205 712 1265 inter
736 1225 767 1265 se
786 1147 992 1280 censebando,
1015 1209 1071 1267 acsi
1092 1209 1147 1268 iam
1169 1211 1220 1270 mi·

69 1285 154 1344 nime
173 1283 311 1344 terendus
330 1287 414 1355 esset,
434 1283 532 1362 itaque
551 1303 610 1342 non
630 1283 734 1344 mirum
754 1289 806 1358 est,
825 1291 870 1346 tut
889 1291 982 1346 actam
1001 1286 1109 1346 acerbis
1129 1295 1218 1348 tenta·

68 1363 204 1426 tionibus
225 1363 315 1438 (deut
332 1381 423 1443 nuper
442 1363 536 1438 visum
555 1363 621 1443 fnit)
641 1363 822 1426 vulneratum
846 1365 934 1426 luisse
953 1366 1014 1426 eius
1034 1369 1169 1428 animuin.
1194 1433 1196 1448 ‚

167 1469 223 1544 14.
245 1471 315 1567 Ego
343 1481 449 1542 tamen
476 1473 510 1542 iu
536 1484 569 1544 te
591 1475 732 1568 speravi,
753 1473 887 1564 lehovq,
911 1475 991 1564 dixi,
1013 1477 1104 1548 Dens
1126 1501 1219 1548 meus

71 1605 119 1652 es.
169 1581 223 1650 15.
245 1579 282 1650 ln
304 1604 402 1648 manu
428 1591 482 1650 tua
509 1589 585 1650 siant
611 1567 755 1674 tempora
783 1607 870 1667 mea,
897 1609 972 1654 erue
999 1609 1052 1654 me
1080 1609 1219 1656 emanu

70 1689 220 1758 bostium
247 1709 409 1770 meomm,
436 1697 469 1755 et
496 1712 513 1755 a
540 1691 803 1780 persequentibus
830 1715 893 1759 me.
940 1691 992 1759 16.
1019 1689 1143 1762 Lucere
1170 1692 1219 1762 sac

68 1821 175 1888 super
201 1817 331 1862 servum
358 1803 452 1862 tuum
480 1793 592 1862 faciem
618 1805 722 1880 tuam,
751 1819 841 1866 serva
861 1821 916 1865 rue
937 1795 970 1864 in
992 1791 1131 1866 bonitate
1153 1809 1216 1867 tua.
1291 1795 1318 1803 ”

73 1905 133 1972 1Ί.
154 1900 282 1985 lebova,
308 1925 350 1970 nc
376 1900 551 1992 pudefiam,
579 1901 652 1992 quia
680 1901 826 1972 invocavi
852 1914 901 1974 te:
929 1903 1091 1996 pudefiant
1118 1905 1244 1995 impii„
1290 1991 1295 2002 ι

73 2009 191 2076 sileant
216 2015 248 2075 in
277 2007 431 2099 sepulcro.
482 2007 534 2075 18.
562 2006 791 2076 Obmutescaut
822 2007 902 2076 labia
928 2010 1105 2093 mendacia,
1133 2033 1216 2100 quae

69 2115 252 2208 loquuntur
273 2115 423 2198 adversus
445 2113 565 2182 iustum
587 2115 666 2183 dure
687 2113 720 2180 iu
742 2115 886 2206 superbia
910 2125 943 2182 et
964 2116 1164 2187 contumelia.

155 2235 204 2296 ld.
224 2235 295 2316 Ego
314 2241 413 2294 tumen
430 2239 463 2292 tn
482 2241 510 2294 te
529 2242 583 2294 ete.
621 2231 679 2296 llic
698 2235 816 2314 ponitur
835 2235 938 2316 copula
969 2239 993 2308 t,
1014 2235 1063 2294 sed
1083 2233 1213 2298 adversa·

67 2315 149 2374 tivae
169 2315 324 2395 particulae
343 2312 416 2372 loco.
455 2309 529 2372 Nam
548 2311 615 2372 lidci
634 2333 703 2374 suae
723 2317 913 2376 coustautiam
932 2313 1065 2374 omnibus
1086 2334 1157 2394 quas
1169 2335 1211 2376 rc·

68 2395 155 2468 tulit,
181 2394 372 2456 tentationum
396 2391 535 2452 mccbinis
560 2413 707 2472 opponens
732 2391 845 2468 David,
869 2401 953 2476 negat
977 2415 1007 2456 se
1027 2395 1114 2454 luisse
1135 2394 1210 2456 labo·

67 2475 224 2547 lactatum,
242 2473 292 2534 sed
312 2473 407 2553 potius
427 2471 541 2534 firmum
562 2474 673 2534 stetisse
693 2473 722 2534 in
742 2471 1095 2556 salutancosperandar
1116 2493 1211 2554 neque

68 2561 170 2614 umen
195 2556 235 2614 ila
259 2571 290 2614 se
314 2554 402 2612 luisse
420 2553 632 2631 magnanimum
652 2553 798 2634 praedicat
818 2555 889 2634 quin
908 2575 961 2634 pro
981 2555 1073 2614 caruis
1092 2553 1210 2614 infirmi·

68 2641 132 2696 tate
152 2634 213 2694 lere
231 2651 385 2714 oppressus
405 2632 531 2692 iacuerit.
557 2631 637 2693 llaec
656 2635 733 2692 enim
753 2636 883 2712 quamvis
903 2636 932 2693 iu
953 2635 1079 2714 speciem
1099 2641 1211 2694 contra·

66 2715 125 2788 ria,
145 2712 232 2774 simul
251 2712 384 2790 coniungi
404 2711 521 2786 debent,
540 2731 607 2774 eum
628 2712 727 2772 dolore
746 2713 939 2786 contabuisse,
960 2717 1113 2794 vigoreque
1134 2711 1211 2774 omui

66 2795 162 2854 fnisse
181 2793 336 2872 privatums
356 2799 500 2852 ettamen
520 2789 595 2854 bona
615 2811 666 2872 spe
685 2793 845 2867 suffultum,
865 2799 898 2852 ut
917 2813 934 2853 a
954 2791 1010 2852 Dei
1030 2795 1211 2854 invocatione

66 2895 131 2934 non
151 2873 306 2932 desisteret.
333 2869 469 2950 sicergo
489 2871 519 2932 in
538 2872 668 2932 tristitiae
687 2871 872 2951 dirorumque
891 2873 1067 2948 cruciatuum
1087 2873 1211 2934 tenebris

67 2953 124 3014 luit
151 2953 313 3023 demessus,
337 2958 370 3010 nt
388 2952 500 3010 occulta
520 2950 573 3010 lux
591 2949 658 3012 fidei
676 2952 754 3012 intus
773 2951 896 3032 fulgeret
914 2953 944 3012 iu
964 2953 1024 3012 eius
1044 2953 1145 3012 corde:
1169 2954 1210 3014 sic

68 3033 182 3114 gemuit
206 3031 261 3092 sub
285 3033 391 3114 ingenti
411 3029 603 3092 tentationum
622 3031 715 3106 mole,
740 3038 774 3092 ut
793 3031 921 3092 animum
940 3037 1036 3092 lamen
1057 3031 1092 3096 ad
1113 3029 1208 3092 Deum

72 3112 269 3174 invocandum
295 3111 447 3191 colligeret.
487 3108 565 3204 Erpo
612 3131 644 3170 er
662 3111 756 3182 multa,
773 3110 918 3172 obstacula
938 3113 1040 3171 enixus
1057 3118 1100 3172 cst
1120 3118 1153 3172 ut
1172 3111 1209 3171 ad

69 3193 147 3254 hanc
166 3191 372 3252 contessionem
392 3198 556 3270 emergeret.
576 3129 701 3252 alodum
737 3197 815 3252 oslca
834 3193 896 3272 spei
915 3209 984 3252 suae
1004 3169 1110 3266 delinit,
1131 3191 1210 3272 quod

68 3274 180 3334 sollium
198 3289 295 3332 secum
313 3272 353 3332 ita
371 3272 555 3351 reputaverit,
576 3267 671 3332 Deum
690 3211 735 3332 sib

69 3355 112 3412 tio
138 3351 265 3412 notanda
290 3357 348 3422 cst,
372 3354 464 3424 Dtrs',
488 3354 572 3412 Deris
595 3374 677 3414 meus
701 3375 732 3412 es
750 3363 798 3416 lu:
822 3371 881 3432 quo
901 3349 990 3412 verbo
1010 3350 1149 3430 significat
1167 3356 1208 3414 its
1295 3365 1301 3380 '

69 3433 204 3492 maluisse
229 3433 341 3512 penitus
365 3431 395 3492 in
419 3433 516 3492 animo
539 3451 606 3504 sno,
632 3439 666 3492 ut
688 3431 797 3492 nullam
816 3437 916 3492 contra
936 3429 1140 3491 dubitationem
1160 3431 1208 3492 ad·

67 3515 205 3574 mitteret.
245 3509 347 3572 Donec
365 3511 443 3572 enim
462 3510 650 3592 praevaluerit
667 3513 722 3572 ista
742 3513 903 3592 persuasio,
921 3517 957 3570 nt
975 3531 1073 3570 sensus
1093 3517 1207 3578 nostros

69 3599 201 3673 compet,
221 3593 334 3671 semptr
352 3591 452 3652 incerti
472 3591 676 3653 vacillabimus.
696 3591 860 3652 Notandum
879 3598 976 3650 tamen
996 3596 1048 3664 est,
1068 3589 1143 3650 istud
1155 3589 1206 3650 Di·

69 3691 148 3744 cere,
172 3689 233 3732 non
256 3671 344 3730 modo
363 3671 481 3732 interius
499 3689 561 3732 esse
580 3678 610 3730 et
628 3690 779 3745 arcanum,
798 3677 831 3735 nt
850 3671 879 3730 in
900 3671 985 3730 corde
1005 3671 1099 3749 potius
1120 3690 1207 3749 quom

67 3754 98 3812 in
122 3753 222 3832 lingna
245 3757 374 3812 moneta
398 3749 448 3810 sed
474 3750 510 3810 ad
528 3749 625 3812 Deum
644 3752 738 3832 ipsum
758 3752 839 3831 quasi
858 3751 974 3812 unicum
994 3756 1095 3812 testem
1115 3751 1205 3828 diripi.

67 3830 146 3892 Nihil
172 3832 249 3892 enlm
274 3827 417 3890 difficilius
436 3836 493 3904 est,
518 3830 568 3890 nbi
588 3829 675 3890 fidem
694 3837 821 3892 nostram
842 3829 937 3894 deludi
956 3830 1087 3890 videmus
1107 3849 1125 3894 a
1142 3837 1206 3890 toto

65 3911 187 3984 mundo,
207 3928 294 3990 quam
314 3909 530 3973 sermonumad
549 3909 647 3973 Deum
666 3931 756 3971 unum
776 3910 908 3990 dirigere,
927 3907 957 3972 et
977 3911 1155 4000 acquiescere
1176 3910 1205 3974 in

65 3991 123 4052 boe
146 3991 336 4056 conscientiae
361 3996 476 4055 nostras
501 3991 681 4062 testimonio,
705 3989 784 4071 qnod
804 3992 842 4050 sit
859 3987 941 4050 Deus
961 3997 1067 4050 noster.
1107 3989 1205 4068 Atque

67 4071 137 4132 baec
163 4089 233 4134 vero
257 4069 374 4130 demum
397 4068 464 4129 lldei
489 4069 619 4149 probatio
643 4076 701 4144 est,
746 4069 883 4132 numlibet
901 4069 1020 4130 uiolenti
1038 4069 1142 4130 fluctus
1163 4069 1205 4126 in·

65 4157 201 4230 surgant,
226 4147 383 4230 quemlibet
406 4151 492 4210 etiarn
516 4148 579 4210 duri
604 4151 727 4230 impetus
746 4169 805 4212 non
825 4151 1003 4222 concutiant,
1028 4145 1128 4208 stabile
1149 4145 1205 4208 boo

63 4231 239 4374 prinoipppp
263 4231 399 4370 collinens,
407 4227 555 4372 Tuostub
574 4227 637 4368 Db
656 4247 718 4290 csse
737 4227 836 4305 tutela,
855 4235 886 4290 ct
904 4227 992 4290 libere
1011 4246 1077 4287 cum
1096 4227 1204 4309 ipsoin

85 4329 141 4374 sno
231 4329 279 4373 nm
311 4329 389 4390 oqur,
434 4330 454 4372 ιι
503 4327 726 4372 eosnocres.
1109 4337 1117 4352 ·

734 3272 904 3352 inuuqnam
916 3271 1021 3344 delore,
1041 3271 1090 3332 scd
1106 3271 1207 3351 loquu-

143 4393 193 4456 15.
213 4393 256 4452 Is
272 4412 367 4492 meno
384 4399 448 4452 tuo.
488 4385 558 4468 Quo
583 4387 704 4456 danim
728 4387 850 4450 salutem
874 4405 956 4450 snam
975 4381 1040 4448 Deo
1060 4403 1203 4451 common

285 1043 343 1102 rins
362 1042 497 1104 invidiam
517 1045 543 1104 ei
563 1047 749 1104 contlaverint
767 1053 904 1126 tanquam
925 1047 1032 1109 bomini
1052 1049 1173 1112 scelesto
1193 1058 1223 1112 ct
1341 1107 1346 1128 ,
