2854 4886
114 241 120 266 ‘
214 277 286 336 20·
632 265 922 314 scansurus
1026 234 1028 242 ’

213 386 494 468 ωοτιιω’1“αωι·ειπ,’
507 392 558 458 sed
577 391 655 456 ultro
673 411 724 456 eos
742 391 890 468 lacerare,
910 409 944 452 ac
958 387 1099 472 intrepido
1113 387 1261 470 despicere
1278 387 1378 468 qnie-

213 479 285 562 quid
307 473 550 540 machinabantur.
590 468 695 556 Qdare'
707 478 740 534 ut
758 471 841 534 firma
860 470 942 532 nobis
962 477 1074 532 constet
1092 467 1211 544 fiacus,
1234 469 1378 528 nonnisi

211 559 314 632 iisdem
340 557 426 618 armis
449 555 603 650 ipstructns
628 553 658 614 in
683 570 800 614 arenam
819 549 989 614 descendere
1008 549 1155 624 convenit,
1180 549 1309 643 quoties
1330 545 1376 642 ab

211 634 356 784 ttttt
373 641 548 789 tttttt
563 631 1016 792 stitttttttttttt
1025 627 1375 770 &datatim

210 800 269 872 les,
288 794 471 878 quantumvis
489 791 606 872 magna's
625 791 734 885 alioqui
753 790 789 850 ad
809 789 970 852 nocendum
989 789 1065 850 vires
1085 789 1213 850 afferant
1252 789 1374 848 Ftltoe

212 884 309 962 putem
332 896 391 940 non
411 871 505 936 Adam
524 871 570 932 vel
590 870 728 945 homins,
747 870 797 930 sed
816 877 874 932 otri
893 869 1049 950 appellans,
1069 867 1160 930 obiter
1179 887 1286 928 eornm
1309 885 1370 926 ar-

211 957 370 1038 rogantiam
388 953 575 1050 perstringere
594 950 716 1010 videtur.
744 945 845 1030 Neque
863 950 941 1011 enim
959 947 1129 1029 quibusdam
1148 946 1291 1010 Hebraeis
1312 965 1369 1004 as·

211 1038 332 1110 mador,
351 1055 401 1115 qun
419 1029 557 1092 Procercs
575 1031 668 1092 notari
687 1035 799 1110 putant
823 1025 883 1100 Sed
903 1029 998 1110 potius
1011 1029 1119 1088 ironica
1133 1035 1178 1088 est
1192 1025 1367 1098 concessio,

210 1135 269 1198 qua
293 1134 393 1191 cornui
418 1112 598 1174 insolentiam
623 1107 791 1184 subsannat:
815 1109 883 1190 quia
907 1107 1015 1170 nobiles
1035 1114 1065 1170 et
1083 1105 1194 1168 cordati
1213 1105 1269 1166 sibi
1291 1125 1366 1166 esse

210 1193 394 1266 videbantur,
412 1211 504 1272 quom
522 1197 618 1252 tamen
637 1207 725 1262 esserra¹
742 1189 880 1250 duntaxat
899 1207 949 1248 eos
973 1187 1065 1248 rabies
1090 1187 1127 1248 ad
1152 1185 1279 1248 nefarios
1306 1204 1364 1244 co-

210 1283 297 1338 natus
318 1271 487 1368 impelleret
525 1269 560 1332 lu
582 1287 657 1330 voce
675 1291 839 1352 usquequo,
863 1267 1013 1330 damnatur
1031 1286 1121 1352 prava
1139 1285 1242 1328 eorum
1261 1264 1364 1326 obsti·

210 1357 299 1418 natio.
338 1350 487 1432 Significat
505 1351 582 1410 enim
601 1347 697 1410 David
716 1368 776 1410 non
795 1345 890 1408 subito
909 1354 1021 1408 tanturn
1041 1347 1138 1427 aliquo
1157 1349 1240 1406 motu
1258 1343 1362 1406 fuisse

209 1435 354 1498 incitatos:
378 1431 430 1492 sed
453 1431 566 1512 penitus
589 1447 692 1490 eornm
715 1427 847 1488 cordibus
872 1425 994 1488 infixum
1012 1426 1101 1488 tuisse
1119 1433 1277 1488 contumax
1297 1445 1360 1484 no-

210 1513 292 1575 cendi
307 1509 447 1574 studiumr
467 1511 521 1570 nisi
539 1509 615 1568 enim
635 1527 686 1568 eos
705 1513 784 1568 recto
804 1527 889 1566 sensu
908 1507 1049 1603 privasset
1066 1524 1118 1568 sna
1137 1504 1253 1576 malitia,
1270 1503 1357 1564 mul·

111 1640 124 1658 ,
208 1595 246 1732 ff
269 1591 479 1728 exporrigunt}
498 1607 573 1668 qnae
592 1585 698 1726 eostap
724 1585 993 1743 lucello·deu⁸¹lt⁰ae
1001 1583 1357 1726 upgmtffiaffit

208 1689 347 1834 ,tta
362 1689 486 1808 titt
497 1685 1352 1826 &attributatiditttttttaaas

209 1847 266 1910 qne
285 1847 367 1888 suan
386 1827 507 1907 gloriam
525 1831 646 1908 pergent
664 1827 694 1886 in
714 1826 836 1886 dedecus
855 1823 975 1884 trabem.
1004 1822 1169 1885 Notandum
1187 1829 1281 1884 autem
1301 1825 1355 1880 est

149 1955 154 1968 .
208 1907 290 1987 quod
307 1906 384 1986 apul
403 1924 530 1966 summos
550 1911 580 1966 et
598 1903 713 1966 intimos
728 1906 805 1966 omni
821 1922 924 1984 genere
938 1901 1108 1978 ignominiae
1122 1906 1266 1980 paratus,
1285 1898 1351 1978 glo·

207 1989 266 2046 riae
291 1992 388 2044 mmrn
411 1981 465 2042 sibi
491 1977 627 2038 divinitus
657 1996 809 2038 concessae
836 1981 1045 2118 pprmessioncm
1072 1979 1213 2058 animoso,
1228 1979 1351 2040 retinet:

204 2082 262 2124 nec
285 2061 351 2122 dub‘
374 2067 396 2120 rt
415 2060 485 2140 quin
504 2077 569 2118 eam
587 2057 703 2118 undem
717 2062 823 2118 arserat
867 2077 918 2120 ens
973 2058 1149 2139 'buscnnque
1164 2057 1284 2118 macdlis
1301 2057 1347 2116 iu-

206 2143 291 2222 digne
311 2159 426 2220 aspersa
444 2139 539 2200 luerit.
569 2139 637 2198 Dat·
661 2145 715 2197 etis
734 2145 904 2202 weitaim.
971 2137 1108 2200 iaverbis
1122 2139 1225 2219 partim
1240 2155 1348 2217 expro-

104 2211 107 2220 ’
139 2229 145 2246 ·
206 2221 271 2282 brat
294 2217 422 2280 hostibus
442 2235 605 2298 pervortam
625 2215 643 2276 li
664 2215 770 2276 idinem
789 2235 848 2298 qna
866 2215 981 2278 videbat
998 2217 1077 2298 ipsos
1096 2217 1218 2298 impelli,
1244 2235 1346 2296 quam·

79 3712 81 3720 ,
199 3645 274 3708 banc
294 3649 468 3712 enimsibifi

206 2301 250 2360 ris
292 2301 351 2360 ium
370 2297 464 2358 uelum
483 2297 555 2356 falso
574 2301 784 2376 praetexerent:
803 2299 908 2377 partim
926 2316 1027 2358 eorum
1048 2297 1198 2358 stultitiam
1224 2295 1345 2369 deridet,

205 2319 290 2460 quel
305 2383 405 2438 oorrtra
424 2375 520 2471 Deum
540 2375 709 2516 puppando3
729 2394 891 2474 successum
910 2383 1005 2474 tamen
1024 2375 1077 2436 sibi
1096 2379 1272 2472 promittant.
1306 2371 1346 2436 Et
1412 2375 1413 2394 ¹

204 2455 545 2600 tttiffittttett
564 2461 841 2606 tltjtttatt
860 2463 1343 2606 ttttttttttttttttatt

122 2647 126 2660 ›
205 2636 242 2680 ne
263 2617 327 2696 quis
347 2635 397 2676 eos
417 2634 515 2677 sensus
534 2614 673 2674 mordeat.
711 2611 861 2676 Exclamat
879 2635 948 2696 ergo
966 2613 1072 2689 David,
1132 2616 1255 2676 amviss
1294 2621 1343 2674 nto

203 2697 363 2756 caecutiant
376 2701 404 2754 et
417 2693 513 2754 fucato
528 2694 623 2754 colore
638 2701 740 2754 ornent
754 2713 835 2754 suam
850 2696 1023 2770 iniustitiam,
1042 2695 1101 2756 nihi
1130 2715 1179 2754 eos
1193 2714 1246 2776 pro
1269 2713 1341 2756 cere.

159 2835 161 2842 ,
202 2775 240 2834 Et
260 2781 336 2834 certe
356 2775 486 2855 quamvis
506 2771 559 2832 sibi
578 2773 758 2836 blandiantur
776 2775 870 2870 impii,
889 2773 939 2834 ubi
952 2775 988 2834 ad
1002 2777 1108 2836 serium
1122 2793 1243 2835 examen
1258 2775 1341 2834 aseri

202 2855 325 2926 suerint,
346 2873 459 2935 semper
476 2851 533 2936 boc
553 2853 708 2929 constabit,
734 2853 798 2914 ideo
818 2874 896 2936 ipsos
915 2853 1095 2927 hallucinari,
1118 2855 1186 2936 quia
1206 2853 1241 2914 ab
1259 2855 1341 2914 initio

203 2935 381 3016 propositum
400 2941 444 2996 cst
462 2933 599 2994 bllaciter
618 2953 710 3014 agere.
736 2933 890 3009 Caeterum
908 2953 946 2996 er
964 2933 1021 2996 hoo
1040 2935 1106 2996 loco
1125 2934 1207 2996 nobis
1227 2953 1339 2996 sumon-

194 3037 210 3085 ,ι
224 3037 257 3086 «ρ
276 3021 321 3074 est
339 3014 461 3074 invictae
481 3015 655 3076 constmtiac
674 3013 701 3074 cl
744 3033 803 3087 ens,
823 3016 935 3109 quotiep
955 3013 1105 3096 prudentia
1125 3021 1155 3074 et
1172 3021 1236 3074 astu
1253 3031 1339 3094 snpe-

202 3095 260 3192 pari
285 3113 338 3153 nos
364 3093 522 3189 videbimus
547 3093 582 3188 ab
608 3094 755 3189 improlis·
785 3091 861 3156 Nam
880 3093 1096 3190 qmbuscanque
1115 3093 1262 3168 machinis,
1280 3111 1335 3152 nos

202 3173 625 3331 ttttttttttttt:
644 3171 1336 3334 ”ttsttttttattttttattii:
1410 3299 1411 3306 Ν

201 3337 280 3412 petat
303 3329 358 3390 illis
378 3329 497 3392 facultas
516 3351 570 3392 uos
595 3272 736 3402 includi,
759 3333 788 3392 in
805 3340 939 3414 promptu
954 3335 1011 3396 sint
1024 3335 1147 3396 rationes
1162 3341 1193 3394 et
1206 3332 1335 3405 subsidia,

200 3409 396 3549 aontlenomnia
412 3410 575 3492 dispiciant:
594 3411 730 3494 quicquid
750 3417 846 3475 tamen
864 3411 1016 3490 excudent,
1033 3413 1215 3474 mendacium
1232 3413 1286 3474 erit
1302 3431 1334 3472 ac

200 3509 266 3550 vani
297 3509 320 3550 s.

278 3572 308 3632 4.
330 3573 441 3632 Scitote
506 3573 546 3632 od
563 3573 674 3653 selegit.
701 3569 902 3634 ‘Confirmatio
927 3579 971 3634 ert
996 3573 1150 3654 superioris
1174 3572 1331 3644 senariae

465 3595 568 3710 birtine
588 3669 703 3712 causam
723 3670 786 3711 esse
807 3651 946 3726 ostendit,
965 3654 1032 3732 quia
1046 3651 1111 3716 Deo
1125 3653 1205 3734 regui
1224 3652 1268 3712 sni
1285 3671 1331 3710 an·

200 3734 281 3788 ctore
301 3730 410 3788 nititur.
444 3728 483 3789 Et
501 3737 577 3790 certe
595 3737 666 3790 tnnc
685 3733 800 3792 denum
819 3731 915 3792 licebit
933 3751 1032 3793 secure
1052 3739 1151 3793 contra
1170 3731 1266 3792 hostes
1283 3751 1329 3790 no·

199 3813 277 3868 siros
297 3807 422 3888 gloriari,
442 3807 568 3868 sinebit
589 3815 666 3870 certa
684 3813 739 3871 erit
757 3809 814 3872 Dei
833 3814 956 3876 vocatio.
985 3811 1085 3894 ltaque
1103 3811 1199 3874 David
1219 3812 1330 3872 minime

198 3885 247 3946 hic
266 3905 332 3946 suas
352 3887 426 3948 vires
450 3887 545 3962 iactat,
566 3889 613 3948 vel
632 3909 710 3971 opes,
730 3892 777 3951 vel
796 3893 947 3966 exercitus,
968 3892 1070 3972 qrribus
1087 3892 1140 3952 eibi
1155 3911 1272 3972 regnum
1285 3909 1329 3952 ae·

199 3959 341 4045 qnisieritr
361 3967 411 4025 sed
431 3969 496 4048 qnia
512 3969 644 4028 divinitus
665 3969 772 4028 eiectus
797 3977 854 4050 pst,
879 3991 928 4045 eos
948 3971 1008 4032 sino
1027 3971 1158 4052 prosectu
1177 3971 1267 4032 multa
1285 3991 1331 4032 co·

199 4044 262 4104 nari
281 4044 427 4126 significat,
447 4049 514 4128 quia
534 4049 643 4108 sensuri
662 4051 719 4109 sint
732 4047 828 4111 Deum
848 4049 900 4112 sibi
916 4050 1076 4126 adversum,
1095 4053 1177 4112 cuius
1190 4053 1329 4134 potentiae

198 4125 392 4185 succumbent.
431 4127 476 4188 dc
501 4129 591 4209 primo
616 4129 732 4208 quidem
756 4130 823 4191 dicit
846 4151 877 4192 se
901 4151 917 4192 a
939 4129 1003 4192 Deo
1028 4131 1116 4194 fnisse
1140 4137 1327 4212 segregatum
1408 4137 1409 4208 i

200 4221 259 4282 qno
285 4203 423 4284 significat
446 4226 505 4266 non
530 4205 678 4268 bominum
699 4209 830 4284 arbitrio,
855 4231 890 4271 ve
922 4231 975 4294 pro
996 4211 1037 4272 ria
1057 4211 1181 4286 libidine,
1200 4209 1251 4270 sed
1268 4229 1326 4270 coe-
1408 4215 1409 4235 ¹

199 4281 263 4342 lorti
282 4282 397 4346 decreto
416 4303 477 4349 esse
496 4287 642 4348 eximium.
668 4285 743 4348 Nam
762 4295 899 4370 quamn
928 4297 949 4360 n
988 4291 1095 4352 ebracis
1110 4289 1270 4352 divideres·
1305 4289 1325 4348 i·

198 4357 280 4438 tuat,
295 4359 352 4424 boc
370 4363 436 4428 loco
455 4365 492 4428 ad
507 4367 704 4438 excellentiam
722 4368 857 4434 rourum
872 4371 931 4432 acsi
944 4371 1058 4448 diceet,
1078 4369 1138 4432 Vos
1153 4310 1325 4434 subnuba-
