2804 4890
194 267 251 324 263
538 253 541 263 '
635 263 924 318 concursus

195 397 340 474 postruoa
369 407 486 471 quoqne
513 393 597 468 parts
624 405 725 448 rsrsns
751 403 917 468 quamnam
946 387 1116 448 dissentiunt
1159 389 1341 470 interpreter,

196 473 266 576 mitri
286 489 388 532 vuum
408 476 437 530 et
456 485 622 548 manum
641 485 756 528 sensum
776 465 904 561 sttqline
922 465 1054 564 sufficiet.
1074 467 1123 528 Ad
1141 468 1271 564 verbnm
1290 479 1342 544 ar,

195 547 771 722 urion
789 545 1342 724 utrumnum

194 703 1342 865 ¹:t*tettntttttt'tmntttttttettmffl

196 871 317 942 dicent,
337 866 494 926 maledictis
513 863 626 926 nullum
645 863 869 944 fuissemodnm
888 867 936 926 val
954 865 1056 940 finsnr,
1074 865 1145 926 dum
1165 867 1260 947 pluro
1279 875 1339 949 gat·

195 956 261 1012 ture
278 945 400 1029 improbi
419 943 549 1006 borsines
567 943 707 1025 quicquid
725 946 756 1006 in
775 943 895 1006 buccam
915 947 995 1008 venit
1012 945 1204 1027 profundunt.

286 1103 339 1171 16.
371 1101 456 1170 lnter
480 1099 619 1193 perfidos
645 1098 889 1168 subsannatores
910 1100 1100 1169 subcineritii
1122 1103 1233 1193 panis,
1263 1103 1338 1170 iren·

196 1213 273 1280 dent
294 1231 389 1300 super
411 1231 463 1276 me
486 1205 631 1274 dentibus
652 1205 728 1274 suis.
764 1206 814 1273 17.
837 1205 975 1274 Domine
999 1231 1170 1300 quousque
1193 1208 1337 1276 videbis?

195 1319 282 1410 eripe
304 1316 441 1404 prumam
463 1336 568 1380 meam
590 1336 608 1378 a
631 1309 818 1380 tumultibus
840 1313 966 1396 eorum‚'
991 1338 1012 1380 a
1039 1313 1186 1382 leonibus
1211 1315 1335 1384 unicam

195 1449 310 1492 meam.
356 1422 409 1488 18.
443 1417 616 1490 Celebrsbo
639 1427 671 1486 tc
693 1418 727 1486 in
749 1429 845 1488 cocto
866 1442 1008 1513 magnos
1023 1423 1058 1488 in
1084 1420 1211 1514 populo
1234 1422 1334 1489 multo

194 1531 328 1600 laudubo
351 1537 392 1596 te.
553 1552 558 1562 ¹

275 1679 322 1739 16.
344 1678 429 1736 Inter
438 1674 587 1756 perfidos.
605 1670 730 1734 Vertunt
748 1673 795 1734 slii
807 1673 882 1735 Oura
901 1673 1072 1756 hypocritis:
1092 1673 1143 1746 sed
1161 1674 1329 1756 simpliciter,

194 1775 261 1818 meo
280 1755 394 1829 iudicio,
413 1761 581 1816 narratura
603 1751 713 1812 stide
731 1755 906 1835 conspiratio
925 1755 1060 1814 bostium.
1089 1751 1129 1814 Et
1146 1771 1257 1814 sumna
1274 1763 1325 1827 est,

194 1839 272 1898 inter
287 1835 417 1896 homines
436 1833 558 1894 dolosos
571 1839 601 1893 et
620 1832 656 1893 ad
675 1831 830 1894 fallendum
849 1839 945 1908 batos,
971 1834 1074 1894 deinde
1097 1835 1220 1915 proiecti
1243 1835 1325 1913 pudo

195 1919 243 1992 ris,
264 1929 354 1976 onom
376 1915 432 1974 boc
451 1912 563 1975 assidue
582 1914 691 1993 ositeri.
716 1913 863 1992 quomodo
882 1915 1018 1974 miserum
1037 1913 1185 1975 bominem
1205 1914 1326 1994 perdant.

194 1999 293 2076 Atqqe
312 2011 390 2054 nuuc
408 1993 482 2054 redit
501 1992 538 2052 sd
557 1991 646 2052 dobes
664 1997 694 2053 et
771 1995 825 2066 ito,
850 2011 887 2054 ex
912 1991 1015 2074 quibus
1040 1993 1149 2053 malum
1174 1991 1327 2052 edebatur:

218 2071 263 2135 dia
283 2075 346 2134 huc
357 2073 482 2154 elogium
501 2073 530 2132 in
550 2079 682 2151 magnam
702 2071 750 2152 pla
770 2075 793 2132 is
812 2080 923 2154 partem
947 2091 1025 2154 quae
1048 2072 1188 2154 agebatur
1211 2075 1326 2132 inconsi-

173 2097 294 2218 ‘dorato
315 2159 405 2224 moto,
425 2171 484 2211 noo
503 2158 681 2232 congrueret.
722 2149 836 2214 Diserte
855 2155 942 2233 igitur
961 2153 1068 2213 aulicos
1108 2171 1233 2224 rooerer,
1253 2153 1327 2211 alios

195 2253 253 2318 qus
271 2253 331 2294 non
351 2232 494 2292 absimiles
515 2237 631 2291 rccuset
654 2231 801 2304 weritina,
826 2233 905 2313 qnod
924 2233 1004 2294 velut
1026 2231 1087 2292 rubi
1165 2231 1245 2292 ferse
1268 2232 1327 2292 dnn·

194 2316 270 2377 tibus
291 2319 390 2372 contra
409 2329 441 2370 ss
460 2309 600 2371 frendant.
621 2308 718 2370 Pn'mo
737 2318 834 2372 sutem
854 2319 940 2372 vocat
959 2311 1084 2394 perfidos
1102 2312 1152 2372 rel
1171 2309 1328 2384 sceleratis
1348 2369 1351 2376 ,

195 2413 254 2476 quo
274 2391 383 2452 facilins
403 2409 488 2471 opem
507 2395 538 2450 et
555 2389 694 2450 auxillum
714 2407 730 2450 a
750 2390 816 2451 Deo
835 2391 982 2472 impetret,
995 2397 1041 2452 ut
1065 2393 1095 2452 in
1114 2391 1219 2454 ultimo
1238 2411 1327 2452 neon·

194 2477 278 2536 ritate
301 2489 422 2531 vocansr
452 2469 553 2530 deinde
570 2471 804 2532 'nahonnutom
831 2471 970 2553 significat
1001 2472 1134 2552 perfricta
1163 2470 1274 2548 fronte,
1300 2477 1327 2530 et

194 2553 273 2616 omni
292 2549 463 2614 verecundis
481 2567 601 2610 excussa
621 2551 765 2630 proiectos
789 2571 853 2612 esse
876 2553 912 2610 ad
938 2552 1049 2631 quidvis
1073 2551 1247 2612 audendum.
1286 2549 1326 2609 lta

193 2653 267 2693 voce
286 2634 377 2699 2th
398 2647 472 2728 quse
490 2630 622 2709 proxime
642 2631 780 2708 sequitur,
800 2651 858 2692 non
873 2633 941 2691 satis
952 2632 1098 2704 convenit,
1119 2633 1236 2712 proprie
1249 2631 1326 2712 signi·

193 2714 261 2776 ficat
281 2729 384 2806 panem
403 2731 434 2770 rn
453 2709 519 2806 lopo
539 2707 592 2770 sub
613 2709 753 2770 cineribus
772 2719 903 2808 coctum..
921 2707 1047 2788 Quidam
1065 2717 1163 2775 umen
1183 2711 1251 2788 quis
1269 2731 1325 2772 seo

193 2790 1326 2950 ttdttttttttt‘tttt''tttttu‘ttttttttttt'ttbt:

193 2960 275 3014 catur
292 2951 349 3011 illis
368 2950 551 3011 subsannatio
575 2967 638 3008 esse
663 2949 728 3008 loco
753 2952 849 3030 panis,
879 2951 946 3032 quia
971 2949 1080 3010 scilicet
1103 2959 1224 3030 pssunt
1246 2969 1278 3009 se
1300 2955 1325 3009 rt

104 3036 108 3044 ¹
193 3033 338 3099 oblectent
356 3032 452 3090 sannis
471 3036 500 3090 et
519 3027 654 3093 ludibriis.
675 3027 745 3089 illibi
766 3031 1022 3111 proprie‘nomlnis
1036 3028 1205 3109 significatio
1221 3031 1325 3090 ridetur

193 3111 347 3174 retinenda.
378 3108 551 3189 Quanquam
572 3115 667 3187 potest
686 3109 780 3168 adbuc
801 3107 906 3190 duplex
920 3127 983 3170 esse
997 3127 1104 3182 sensns,
1124 3109 1241 3190 quidam
1254 3111 1324 3171 euim

192 3196 283 3262 bitin
303 3197 449 3250 sumentes
469 3208 522 3267 pro
541 3187 686 3269 placenta,
712 3195 814 3270 pntout
833 3188 880 3248 hic
898 3190 1049 3270 perstringi
1068 3189 1254 3269 figuratum,
1277 3189 1321 3268 qui
1380 3199 1381 3210 ¹

192 3271 284 3330 lautas
312 3276 343 3329 et
365 3270 498 3348 opiparas
521 3285 633 3341 mensas
659 3268 887 3349 aucupabantur:
917 3269 1016 3349 quales
1040 3285 1154 3348 oemper
1188 3267 1271 3328 multi
1297 3269 1322 3327 ir

192 3350 264 3410 aulis
286 3347 448 3430 Principum
467 3347 704 3408 circumvolitant.
745 3349 817 3409 Aliis
836 3367 907 3408 vcro
926 3350 1016 3428 magis
1035 3348 1142 3430 plum,
1162 3347 1280 3408 serviles
1297 3353 1322 3406 st
1380 3377 1381 3392 ι

192 3427 323 3490 sordidos
344 3427 472 3488 homines
492 3427 656 3507 perstringi,
681 3429 730 3507 qui
750 3429 868 3488 minimo
887 3428 998 3507 linguas
1017 3445 1084 3486 suas
1104 3427 1141 3486 sd
1161 3428 1323 3487 mdrdicen·

193 3507 457 3573 dum-addicerent:
481 3507 566 3568 siculi
582 3507 714 3566 omnibus
733 3507 836 3567 seculis
855 3507 961 3588 reperti
982 3514 1049 3566 sont
1068 3507 1118 3588 qui
1136 3505 1239 3567 frusto·
1287 3509 1324 3565 nis

191 3590 239 3667 (nt
258 3589 428 3726 loquuntur)
448 3587 558 3684 linquas
577 3586 692 3682 venples
712 3588 925 3684 prostituerent:
963 3584 1026 3667 Ego
1049 3605 1141 3667 quum
1160 3587 1324 3682 aliosocps

191 3665 1114 3820 t:ttttsttdttttttmtttffl“tultt‘tttt‘mt
1132 3665 1323 3826 miti.

192 3829 228 3888 de
248 3828 309 3888 eins
329 3828 415 3888 caede
435 3826 625 3908 disputabant.
645 3824 709 3886 Coo
732 3826 841 3908 nerjtnr
860 3845 928 3908 ergo
948 3825 1022 3886 inter
1042 3825 1077 3884 de
1089 3825 1157 3884 'ciss
1177 3843 1321 3884 coenarum

190 3908 313 4050 :piatos
332 3907 369 4046 qs
387 3925 440 3968 sua
458 3925 529 3966 nuce
548 3925 693 3966 sermones
711 3847 799 3966 luisse
818 3905 854 3966 ab
874 3905 977 3988 impin,
998 3905 1047 3986 qui
1059 3903 1201 3986 pudorem
1216 3923 1321 3966 ornnem

227 4006 337 4048 receran

274 4069 321 4130 17.
344 4069 474 4128 marma
492 4085 642 4148 quousque
660 4065 784 4125 ntdrbtsi
819 4063 962 4124 Partionla
982 4081 1071 4144 qnam
1089 4064 1230 4124 vertimus
1248 4061 1320 4141 Quo

190 4167 297 4286 llll}
312 4141 554 4285 lilinum?
574 4143 1320 4303 ‘tdttqtititttttttt‘ttt‘tutt
1378 4195 1379 4252 ι

191 4269 305 4365 totidem
318 4295 394 4384 'post
412 4306 526 4384 longam
546 4301 797 4364 dissimolationem
813 4303 910 4362 videre
923 4304 1058 4384 incipies?
1078 4300 1215 4362 Ceterum
1229 4304 1318 4362 eodem

192 4385 264 4446 rodit
283 4403 402 4448 somnus
428 4383 623 4464 Conqueritur
641 4384 718 4445 enirn
729 4380 825 4446 David
846 4383 882 4444 ds
901 4383 988 4464 longa
1007 4379 1234 4460 tolerantiaDei,
1250 4379 1317 4464 qaod

784 4525 792 4542 f
894 4501 906 4536 Ι
