2854 4886
177 241 214 298 12
608 221 898 280 contituti!

177 324 312 460 snperblp
329 381 380 424 eos
399 364 609 458 misti
627 335 665 456 ne
683 357 756 425 Deo.
769 329 888 440 quidem
906 355 1021 455 subesse
1038 357 1201 444 diguam.
1240 359 1326 446 Ergo

177 445 271 508 donec
293 463 389 540 ipsum
413 450 513 538 timere
538 437 688 502 domnus
703 445 789 535 Orsua
813 445 910 502 mente
934 445 1063 534 privatos
1086 461 1149 506 esse
1172 443 1325 516 amanet

177 523 218 587 Et
236 529 312 586 certe
331 542 399 604 qun
418 541 468 586 eoa
487 517 601 582 indurat
619 525 772 596 securitas,
791 525 825 580 nt
839 518 977 599 obsequia
992 539 1046 582 sua
1060 517 1125 586 Deo
1140 521 1325 600 subtrahant,

60 619 63 626 '
177 606 304 689 primum
322 601 443 684 eogendi
463 606 531 662 sunt
550 599 586 660 ad
600 600 742 672 timorem,
760 606 795 660 ut
811 601 970 680 nauigatur
983 618 1085 664 eorum
1098 601 1226 664 rebellio.
1246 603 1325 666 (lae.

177 694 281 787 termn,
301 703 340 744 ne
357 681 477 766 molesta
496 679 551 740 illis
571 681 609 740 sit
626 679 698 820 quipp
717 679 895 818 serribndad
914 698 1072 776 quomens
1091 689 1186 779 vocat,
1204 687 1321 746 Exstat-

177 767 265 908 tat
283 762 665 906 ilti‘lib‘lsln
695 766 1032 914 blomniilffll
1050 765 1324 926 tttttttt

178 925 264 1000 ebrii,
289 943 321 986 se
350 921 448 986 beans
476 939 538 982 esee
559 918 671 1000 lingant
696 919 766 978 dum
795 919 902 982 inimici
932 925 1000 980 sunt
1028 917 1109 984 Deo:
1138 923 1243 986 iter-niu
1268 945 1323 986 no·

176 1007 256 1068 mine
274 1012 427 1078 tremoris,
445 1001 481 1062 ad
501 1000 660 1081 supplicem
679 999 838 1068 modestam
879 1019 896 1060 e
914 999 1133 1062 submissionem
1151 1023 1203 1066 eos
1223 1003 1323 1066 borta-

176 1091 235 1147 tur.
254 1083 307 1144 Est
325 1085 401 1144 enim
421 1078 569 1144 antithesis
587 1080 663 1140 inter
681 1079 789 1140 laebrm
808 1086 838 1140 et
878 1080 884 1094 '
915 1099 976 1140 rem
989 1082 1160 1162 tranquillae
1173 1085 1324 1146 cometen·

176 1166 235 1226 tiae
254 1170 370 1237 statam,
388 1161 457 1222 dum
476 1159 574 1222 fideles
594 1157 691 1222 Deum
710 1179 798 1238 qoem
816 1166 996 1235 reverentur,
1016 1161 1070 1222 sibi
1082 1163 1241 1244 propitium
1256 1183 1324 1226 esse

176 1244 314 1329 pudente
342 1250 373 1304 et
396 1241 531 1302 ellrenem
554 1239 742 1320 petulantiam
765 1238 803 1300 ad
849 1258 916 1308 uam
940 1241 1044 1322 impios
1070 1243 1147 1322 'rapit
1165 1242 1224 1304 Dei
1248 1263 1322 1306 oon·

177 1331 304 1406 templus
329 1329 360 1386 et
383 1322 498 1384 oblivio.
538 1318 707 1382 subindicat
729 1319 817 1400 igitur
860 1318 996 1400 ropheta‚
1020 1322 1158 1401 quamdiu
1180 1324 1324 1404 intmrpe·

177 1412 275 1468 rentes
294 1421 347 1484 pro
363 1403 455 1462 carnis
475 1399 592 1460 libidine
607 1399 753 1460 exsultant
766 1399 890 1480 superbi,
901 1420 953 1460 suo
964 1401 1053 1460 exitio
1068 1421 1118 1462 eos
1132 1401 1244 1464 ludme:
1264 1403 1323 1465 boc

176 1503 248 1546 vero
272 1484 389 1544 unicum
414 1489 444 1544 et
463 1480 586 1542 salutare
606 1498 669 1540 asse
688 1478 839 1560 gaudium,
863 1481 1045 1561 acquiescere
1063 1482 1095 1542 in
1113 1479 1171 1546 Dei
1189 1491 1269 1554 metu
1290 1491 1322 1546 et

176 1563 355 1628 mouenda,
713 1570 717 1580 '
1218 1562 1225 1574 '

267 1739 320 1814 12.
343 1731 537 1805 Osculamini
552 1729 669 1800 Filium
690 1699 861 1824 nequando
884 1734 1043 1838 irascatur,
1065 1745 1098 1804 et
1119 1707 1260 1830 pereatis.
1274 1737 1318 1807 de

71 1851 76 1856 ’
177 1845 246 1929 via,
275 1842 405 1940 qnando
430 1837 592 1910 exardebit
617 1837 705 1908 brevi
726 1838 772 1906 ira
795 1840 863 1908 eius
886 1839 987 1912 beati:
1011 1843 1201 1936 omnesqui
1223 1844 1321 1914 confi.

179 1953 259 2023 dunt
284 1951 319 2018 in
340 1973 390 2020 eo.
1304 1963 1309 1970 ·

118 2160 123 2174 ι
258 2122 370 2198 (llarips
379 2118 474 2185 adbuc
487 2139 525 2182 ex
546 2117 623 2180 rtmit
637 2136 791 2200 qnemnnn
800 2116 882 2178 Dens
896 2120 1030 2184 timorem
1044 2129 1074 2184 et
1087 2121 1197 2186 mbom
1210 2123 1320 2206 exigat.

179 2204 255 2268 Nam
270 2203 353 2264 sicuti
367 2219 486 2281 regnare
495 2140 558 2260 ndi
566 2203 619 2280 pet·
633 2197 824 2259 manumittit
842 2201 901 2275 sui,
916 2202 985 2262 etin
999 2203 1060 2262 eius
1074 2221 1198 2286 persona
1211 2204 1322 2285 portae

178 2305 247 2350 suae
257 2289 339 2344 notas
347 2287 377 2342 et
388 2281 507 2361 insignia
516 2277 759 2360 insculpsitrbaec
768 2285 883 2340 nostrae
892 2299 959 2362 erga
968 2283 1321 2367 enmobedientiaeetpie·

178 2367 247 2428 tatis
256 2362 381 2444 legitima
390 2367 437 2424 est,
467 2359 586 2434 robatio,
600 2363 764 2420 reverenter
773 2357 904 2438 amplecti
920 2381 1005 2441 quem
1021 2363 1221 2446 nobisRegem
1236 2383 1319 2444 prae·
1355 2398 1357 2405 ·

179 2445 256 2520 lecit,
272 2440 428 2504 secundnm
441 2381 513 2500 illud
527 2438 624 2500 loban.
635 2439 665 2508 5,
674 2441 733 2512 ist,
749 2434 810 2514 Qui
825 2457 884 2500 non
900 2438 1021 2502 honorat
1031 2441 1144 2518 Filium,
1158 2458 1253 2540 neque
1262 2443 1319 2504 Pa·

120 2537 126 2556 ⁸
180 2531 255 2594 trem
265 2519 636 2604 bonoratquimisitillum.
657 2515 732 2577 Nam
742 2515 843 2578 (iaculi
853 2522 977 2598 nomine,
987 2523 1104 2584 solenne
1113 2523 1230 2584 bonnm
1239 2525 1319 2586 testi·

179 2605 309 2676 monium
323 2600 371 2662 vel
381 2599 544 2680 symbolum
554 2597 692 2678 designat,
712 2617 771 2677 qno
788 2595 892 2660 subditi
902 2619 968 2740 erqo
979 2601 1103 2663 suumR
1140 2623 1186 2664 em
1201 2598 1319 2684 defungi

179 2683 316 2747 solebant
346 2678 467 2740 Summa
486 2685 540 2756 est,
559 2675 657 2738 Deum
675 2677 785 2736 honore
800 2695 853 2740 sno
868 2677 930 2742 trau
950 2681 1059 2742 arinini
1073 2685 1101 2744 in
1145 2683 1235 2744 bristo
1249 2685 1318 2746 coli-

122 2773 125 2784 '
177 2771 235 2830 tur.
276 2760 451 2842 Quanquam
480 2764 576 2820 autem
605 2757 769 2818 hebraicam
799 2775 905 2820 nomen
936 2767 989 2833 Ὃ
1016 2769 1076 2822 tam
1105 2763 1197 2824 tilium
1227 2781 1317 2844 qnam

178 2845 302 2908 electum
322 2838 474 2921 significata
494 2837 604 2898 utrovis
623 2844 720 2898 minen
746 2836 833 2898 modo
859 2841 994 2921 accipias,
1014 2843 1090 2902 idern
1109 2841 1237 2904 manebit
1253 2864 1318 2905 sen·

179 2943 237 2986 eus.
277 2920 353 2982 Vere
377 2921 455 2980 enim
474 2917 581 2980 electus
601 2935 619 2976 a
638 2915 725 2978 Patre
744 2915 801 2977 init
820 2917 968 2995 Christus,
996 2923 1043 2982 cui
1062 2923 1129 2984 data
1148 2923 1204 2984 tuit
1222 2926 1317 2986 omnis

178 3009 323 3086 pooestes,
342 3006 376 3061 ut
394 2999 473 3060 solus
494 3015 581 3080 snpra
600 2995 730 3060 homines
748 3003 779 3058 et
797 2997 924 3080 Angelos
943 3003 1079 3076 emineat,
1103 3019 1161 3084 qua
1180 3003 1216 3064 de
1230 3023 1317 3066 eausa

178 3085 266 3146 etiam
291 3081 394 3140 dicitur
418 3081 545 3160 signatus
568 3096 666 3139 esses
691 3075 772 3150 Deo,
797 3078 873 3142 loan.
894 3083 927 3156 6,
947 3083 1271 3164 27.‚quispern1nrtr
1284 3085 1315 3146 in

180 3161 378 3241 eumdiqnites
390 3159 557 3230 cobataest,
577 3155 984 3236 quaeabomniboacreaturia
1004 3179 1072 3230 eum
1090 3165 1206 3226 eximat
1226 3159 1315 3244 Quod

177 3243 289 3304 Puram
316 3245 434 3300 venunt
463 3237 511 3298 alii
533 3233 720 3318 Interpretes,
743 3235 841 3298 durius
856 3245 905 3300 est
924 3260 958 3302 ec
977 3245 1067 3322 magis
1087 3251 1233 3306 coaetanea
1259 3265 1314 3326 ego

177 3341 249 3386 vero
268 3337 373 3380 nomen
387 3317 451 3380 Filii
469 3317 589 3378 libenter
602 3318 719 3392 retineo,
738 3317 816 3395 quod
831 3338 863 3380 su
903 3322 970 3382 riori
984 3325 1141 3389 secuntiae
1154 3325 1316 3406 respondet,
1406 3377 1407 3386 ,

177 3401 228 3482 nbi
248 3399 355 3460 dictum
373 3397 442 3472 luit,
461 3395 550 3456 Filius
569 3417 650 3458 meus
669 3416 716 3470 ea,
740 3415 795 3476 ego
816 3398 853 3460 bo
874 3403 900 3462 ie
920 3403 1018 3482 genuit
1037 3409 1074 3466 te.
1116 3402 1205 3484 Quod
1223 3405 1316 3486 sequi·

177 3487 227 3542 tor
246 3481 380 3540 continuo
401 3483 476 3559 post,
496 3475 604 3537 Christi
623 3478 866 3556 contemptoribus
885 3501 944 3544 non
963 3483 1079 3564 impune
1094 3504 1240 3546 maurum
1254 3502 1324 3548 csse¹

177 3581 264 3623 enum
287 3561 409 3633 laetum,
433 3557 580 3620 admonet:
605 3557 665 3618 acsi
688 3555 818 3632 dixisset,
843 3555 921 3638 Quia
945 3583 1004 3624 non
1023 3565 1167 3645 spernitur
1186 3564 1317 3634 Christos

177 3640 286 3720 absque
305 3637 398 3698 Patris
417 3637 597 3712 contumelia,
617 3637 668 3718 qui
687 3640 1046 3720 eumsusgloriaornsrtt,
1066 3645 1124 3704 tate
1139 3645 1316 3726 saerilegium

177 3719 266 3782 Pater
284 3720 345 3800 ipse
363 3717 487 3780 inultum
506 3737 566 3778 non
585 3720 666 3778 sinet
690 3714 751 3775 lain
771 3739 841 3780 vero
852 3740 897 3784 ne
916 3741 968 3803 spe
986 3723 1122 3804 longioris
1141 3714 1240 3785 morae
1259 3725 1316 3786 tm-

178 3807 238 3862 stra
254 3817 288 3858 se
307 3800 422 3872 lactent,
441 3806 528 3878 atque
547 3816 586 3858 ex
604 3795 745 3880 praesenti
765 3801 860 3880 quiete
879 3801 933 3862 sibi
951 3804 1049 3864 inanes
1068 3804 1173 3866 ledani
1192 3805 1315 3870 delicies.

121 3935 125 3944 .
178 3879 327 3942 denuntiat
346 3879 417 3938 iram
436 3880 497 3939 eius
517 3877 597 3938 brevi
615 3883 761 3938 momento
781 3899 957 3948 samaram.
980 3881 1119 3944 Videmus
1138 3886 1215 3946 enim
1235 3887 1260 3945 si
1279 3887 1314 3946 ad
1406 3941 1407 3948 ,

178 3965 292 4040 tempus
311 3959 463 4020 connivent
482 3955 579 4032 Dens,
598 3963 628 4020 et
646 3958 750 4038 impios
770 3961 882 4036 toleret,
901 3981 940 4024 en
958 3963 1034 4024 illius
1053 3964 1170 4026 lenitate
1188 3985 1315 4028 mssoere

177 4041 246 4122 ipsis
265 4039 427 4098 audaciam:
469 4039 516 4098 uia
535 4039 596 4098 eius
612 4037 748 4098 iudicium
762 4043 867 4102 nisiex
885 4045 977 4104 earnis
992 4063 1077 4104 senen
1093 4053 1126 4104 at
1139 4047 1328 4128 experientia„

177 4140 238 4182 non
257 4119 427 4200 concipiunt.
482 4119 526 4180 cio
546 4117 714 4199 particulam
734 4125 848 4192 vitm
871 4141 953 4182 secus
973 4143 989 4182 a
1010 4124 1179 4204 quibusdam
1198 4127 1314 4208 exponi,

177 4219 283 4280 nempe
307 4197 426 4260 simulac
450 4199 493 4259 ira
512 4196 569 4258 Dei
594 4197 641 4258 nel
657 4199 771 4260 modice
790 4203 940 4277 sparserit,
965 4209 1063 4264 actum
1081 4205 1143 4268 lore
1162 4207 1199 4267 de
1217 4227 1313 4288 repro·
1406 4239 1407 4247 ¹

177 4277 235 4340 bis:
261 4277 311 4339 sed
335 4279 425 4360 magis
450 4285 673 4344 consentaneum
695 4287 740 4342 est
765 4279 802 4340 ad
821 4287 934 4364 tempus
953 4283 1073 4360 referem
1095 4306 1132 4348 ne
1151 4287 1258 4348 callum
1276 4307 1312 4348 ex

178 4379 231 4422 sua
255 4365 369 4441 torpere
394 4358 539 4422 obducant
563 4357 693 4442 superbi,
718 4367 805 4442 atque
828 4380 867 4424 ax
886 4362 942 4426 liei
961 4365 1097 4445 patientia
1115 4369 1313 4450 impunitatem

1219 4548 1245 4584 ‘b
