2804 4890
188 251 241 310 tre
623 251 641 292 r.
673 252 913 306 eduvinus

150 371 156 384 ’
188 380 300 442 sionem
313 375 375 436 lore
390 376 413 434 rt
435 374 470 436 ad
490 375 536 456 pic
552 382 686 456 recteque
706 375 859 440 vivendum
879 375 1031 458 adspirent.
1051 375 1169 440 Frustra
1187 379 1267 442 enim
1283 400 1324 444 se·
1391 363 1392 412 1

188 477 287 520 ossum
308 456 419 516 collecti
438 462 532 516 essent
550 457 579 514 in
599 455 741 536 peculium
762 453 827 529 Dei,
846 457 902 516 nisi
920 458 1060 536 sanctitati
1080 457 1183 528 darent
1200 479 1323 541 operam.
1391 475 1392 528 ἦ

187 533 486 611 lusumma,1)eum
512 535 599 594 totius
624 535 722 597 mundi
742 532 851 614 Regem
877 554 940 596 esse
965 536 1119 618 praedicat,
1140 544 1173 598 ut
1187 539 1259 678 ipso
1277 560 1324 602 na·
1391 557 1392 604 t

35 672 45 686 .
187 627 268 681 turae
286 617 350 675 iure
369 617 463 674 cuncti
482 615 616 676 mortales
636 615 672 674 ad
692 615 753 676 eius
772 615 882 680 nrltnrn
901 615 1111 688 siut'obstricti
1131 615 1198 678 dein
1218 637 1323 680 ceom-
1391 627 1392 708 t

89 707 91 710 ’
187 713 351 760 memorans
371 713 442 754 cum
466 695 567 753 exirua
593 693 739 754 bominum
764 701 845 774 parte
867 695 1008 776 pepigisse
1031 696 1130 756 salutis
1155 697 1273 774 foedus,
1297 707 1325 760 et
1391 709 1392 736 ¹

79 813 85 822 .
187 785 282 840 erecto
301 775 484 836 tabernaculo
525 773 614 832 edisse
632 772 845 840 filiisrtbrabue
865 774 1040 854 praesentiae
1060 793 1129 836 suae
1149 777 1324 856 symbolum,

186 865 221 932 ut
240 856 311 916 certi
334 861 427 916 essent
445 856 538 933 ipsum
561 853 591 912 iu
610 853 704 913 modio
724 853 769 912 sui
787 851 923 914 residere:
950 854 1044 914 cordis
1064 861 1093 914 et
1113 873 1253 916 munuum
1273 879 1322 938 pn·
1391 863 1392 906 t

187 937 263 1000 ritati
290 934 413 1006 dandam
436 951 498 993 esse
524 951 641 1012 operam
666 931 765 1006 docet‚'
787 933 811 992 si
835 932 865 992 in
891 939 987 994 sancta
1008 933 1068 994 eins
1088 933 1195 996 familia
1215 939 1323 998 censeri
1391 939 1392 1008 Ῐ

187 1019 313 1097 cupiant.
352 1016 553 1074 Pbrrtterttrrts
577 1011 693 1072 nomine
718 1029 882 1092 quenquam
906 1031 1006 1072 omnes
1025 1014 1132 1094 copias,
1152 1013 1259 1095 quibus
1279 1037 1322 1076 or-

187 1105 253 1159 nata
277 1099 322 1156 est
345 1100 430 1166 terra,
450 1091 652 1173 comprehendi
670 1091 772 1165 tatem,
796 1098 826 1151 et
844 1090 873 1150 id
892 1091 994 1172 probat
1014 1094 1101 1152 etiam
1115 1091 1204 1156 -Peoli
1224 1103 1320 1156 aneto

187 1179 266 1238 ritas:
293 1193 352 1234 non
375 1178 471 1232 temen
496 1171 594 1231 dubito
619 1171 689 1250 quin
713 1167 843 1236 homines
858 1170 946 1251 ‘ipsos
971 1171 1107 1251 designet,
1126 1175 1178 1254 qni
1197 1176 1323 1236 maxime

119 1270 123 1290 ¹
187 1257 299 1334 illustre
321 1258 388 1312 sunt
410 1258 502 1326 terrae
528 1257 726 1312 ornamentum
750 1255 779 1310 et
804 1249 899 1310 decus.
939 1245 1014 1311 Nam
1033 1253 1058 1310 si
1078 1251 1244 1328 deficerent,
1264 1275 1326 1320 non
1391 1287 1392 1352 p

186 1337 280 1397 minus
305 1332 441 1394 deformis
465 1336 539 1392 esset
562 1331 678 1390 vastitas
702 1336 732 1390 et
756 1328 880 1426 solitudo
905 1334 1012 1406 terrac,
1043 1350 1129 1410 quam
1154 1333 1179 1392 si
1203 1335 1321 1414 reliquis
1391 1353 1392 1390 r

186 1405 906 1564 tttttrttalttd'ttttrrttttttt
922 1411 1321 1578 ttttttttt‘tttttt
1391 1487 1392 1574 i

185 1576 222 1636 ad
241 1573 390 1632 homines?
410 1569 509 1650 ltaque
528 1567 624 1629 David
643 1571 775 1650 proximo
795 1567 924 1628 membro
944 1575 1069 1629 mentem
1083 1572 1318 1652 snamexplicat,
1391 1583 1392 1622 t

136 1705 143 1716 .
185 1652 265 1736 quod
288 1652 325 1712 de
344 1650 505 1710 hominibus
528 1651 652 1709 manime
676 1649 820 1728 loquutur.
861 1645 936 1708 Nam
958 1667 1050 1729 quum
1069 1649 1145 1710 idern
1164 1651 1258 1718 soleat
1276 1652 1318 1712 bis
1391 1647 1392 1730 ]

150 1727 154 1744 '
185 1739 323 1814 repetere,
342 1729 418 1790 idem
438 1728 536 1788 valent
553 1737 650 1790 terroe
664 1727 866 1826 plenitudines
891 1727 969 1788 orbis
988 1727 1177 1790 dubitatores.
1217 1727 1317 1812 Neque
1391 1751 1392 1798 3

185 1821 283 1874 tamen
302 1829 387 1890 nego,
408 1809 518 1868 divitius
540 1807 642 1890 quibus
663 1829 694 1868 ιιι
708 1827 791 1867 usum
805 1805 954 1866 hominum
967 1808 1068 1883 affluit,
1087 1808 1172 1868 simul
1190 1829 1315 1891 compre-

186 1891 280 1952 nenrr.
326 1887 394 1948 neo
419 1890 487 1948 sere
512 1885 618 1948 rann
644 1892 671 1949 ι.
693 1885 760 1947 cor.
781 1889 834 1960 ιο,
854 1889 902 1949 os.
926 1905 1017 1966 quum
1042 1886 1078 1948 ns
1102 1887 1171 1948 osu
1197 1889 1318 1966 omno,

185 1972 242 2031 hoc
265 1969 428 2030 testimonio
453 1966 618 2040 confirmat,
640 1967 752 2028 nullum
776 1966 902 2026 alimenti
927 1985 1017 2048 genus
1041 1967 1224 2030 immundum
1247 1989 1318 2046 esse,

185 2050 261 2130 Quia
282 2047 400 2108 Domini
425 2053 468 2106 est
486 2053 561 2105 terra
581 2052 611 2104 et
629 2045 776 2126 plenitudo
796 2048 867 2111 eius.
1147 2071 1150 2078 ·

263 2125 293 2190 9.
315 2135 396 2204 Quia
414 2135 476 2208 ipse
492 2147 582 2206 super
599 2133 707 2185 maria.
733 2123 900 2202 Confirmat,
919 2123 981 2185 lune
1000 2123 1054 2188 tul)
1072 2123 1130 2188 Del
1149 2139 1238 2187 manu
1256 2121 1319 2189 esse

184 2207 386 2282 honrines‚ut
409 2225 475 2264 eum
495 2203 600 2285 ubique
620 2203 696 2264 orbis
716 2201 824 2286 Regem
844 2209 993 2289 agnoscat,
1012 2204 1098 2284 idque
1118 2204 1154 2265 ab
1174 2207 1183 2264 i
1205 2225 1239 2266 so
1258 2225 1317 2268 crc-

184 2289 286 2350 ationis
310 2286 423 2346 ordiner
449 2283 517 2364 quio
541 2283 636 2365 pelam
661 2283 690 2368 in
710 2289 772 2344 tota
790 2290 883 2344 terrae
902 2281 1050 2363 superficie
1069 2227 1241 2346 admiradllis
1260 2285 1317 2348 Dei

183 2367 362 2450 providentia
391 2363 526 2428 reluceat.
564 2362 660 2423 Sumit
687 2369 783 2422 autem
807 2363 887 2444 quod
909 2365 1034 2424 maxime
1059 2367 1248 2446 conspicuum
1273 2375 1316 2428 est

98 2457 106 2474 ⁸
183 2449 244 2542 eius
269 2445 311 2540 rei
334 2443 545 2504 documentum.
586 2441 646 2522 Qui
669 2440 704 2503 lit
727 2445 802 2502 euim
827 2450 860 2503 ut
876 2449 952 2504 terre
970 2463 1056 2538 super
1075 2445 1170 2540 equas·
1184 2446 1316 2564 {mineat

10 2621 17 2644 ι
60 2651 96 2668 ,ι
182 2521 1316 2684 tttttttttttttl⁰qlttttdtttttdltttttndt}

149 2738 156 2755 x
181 2685 244 2745 lieri
268 2691 380 2764 praeter
398 2689 528 2742 naturam
545 2688 580 2741 nt
600 2683 658 2741 ullu
676 2683 754 2764 regio
774 2683 849 2742 sicce
867 2689 896 2742 et
915 2681 1073 2742 habitabilis
1097 2692 1221 2745 maneat
1261 2683 1316 2744 lta·

95 2839 98 2846 Ι
182 2783 240 2846 que
264 2765 322 2823 boc
344 2763 454 2842 insigne
473 2761 641 2828 miraculum
665 2760 814 2842 magnifice
836 2761 986 2822 extollitur
1008 2761 1069 2822 lob.
1095 2782 1159 2844 cap.
1186 2765 1240 2840 28,
1263 2769 1315 2828 25.

182 2843 262 2925 qnod
282 2841 362 2904 Deus
387 2841 526 2902 violentos
550 2843 636 2902 maris
659 2842 782 2922 impetus
802 2848 978 2980 compescat,
997 2859 1034 2901 ne
1053 2843 1149 2903 statim
1168 2849 1245 2904 terra
1265 2845 1315 2906 ob

181 2931 261 2996 ruta,
281 2921 416 2983 succedat
434 2920 575 2982 horribilis
594 2920 732 2992 conlusio.
771 2919 833 2982 Nec
851 2923 936 2982 e'em
956 2927 1066 2982 tacetur
1084 2941 1101 2982 a
1121 2921 1202 2983 Mose
1221 2925 1253 2984 in
1273 2924 1315 2986 hi·

183 3005 273 3064 storio
292 3001 456 3072 creationis,
476 3007 628 3082 postquam
647 3001 723 3060 enim
743 3019 832 3082 aquas
850 3002 976 3062 ornavit
993 3002 1034 3060 ita
1052 3003 1156 3064 effusas
1175 3002 1265 3064 tuine
1282 3011 1316 3066 ut

181 3090 273 3143 totam
296 3089 402 3142 terram
427 3079 603 3160 obtegerent:
629 3079 720 3154 addit,
746 3079 861 3218 speciali
880 3079 937 3140 Dei
960 3081 1096 3142 mandato
1120 3083 1254 3160 cessisse,
1282 3091 1315 3146 ut

179 3183 194 3222 s
216 3165 304 3222 atium
324 3179 445 3220 vacuum
464 3161 654 3240 relinquerent
671 3162 764 3219 anima
778 3159 839 3220 'bns
857 3167 958 3241 postea
976 3159 1118 3238 creandis,
1143 3161 1216 3222 Gen.
1235 3169 1265 3238 1,
1286 3167 1313 3227 9.

212 3243 257 3302 inc
277 3241 451 3318 colligimus,
470 3245 622 3318 antequem
641 3245 786 3300 exstarent
804 3239 947 3315 homines,
967 3241 1030 3320 iam,
1043 3239 1108 3302 Deo
1127 3235 1213 3304 curae
1233 3245 1315 3324 ipsos

179 3321 276 3396 fnisse,
296 3319 373 3400 quod
393 3317 548 3397 hospitium
568 3319 692 3398 aliasque
710 3319 924 3380 commoditates
941 3319 983 3380 eis
996 3321 1150 3400 paraverit:
1168 3341 1313 3404 neupror-

180 3421 229 3468 sus
254 3407 401 3482 reputasse
426 3399 547 3471 alienos,
561 3447 565 3456 .
577 3397 680 3478 quibus
705 3419 764 3459 non
788 3400 881 3460 minus
902 3397 966 3460 beni
986 3418 1021 3459 ne
1041 3401 1203 3481 prospexit,
1221 3421 1311 3484 quam

178 3421 1313 3642 utilibetcttdtusubtendent*alteru

521 3599 529 3632 i
1068 3602 1076 3636 2
1300 3599 1313 3612 ‘

178 3644 223 3700 ter
241 3639 270 3699 lo
292 3657 376 3713 nens,
396 3637 433 3698 ad
452 3637 564 3696 rudium
584 3644 699 3718 captum
719 3656 750 3696 se
768 3639 976 3700 accommodet:
1006 3659 1063 3702 non
1083 3645 1180 3701 tamen
1199 3643 1312 3703 tatione
1347 3663 1350 3667 ·

142 3763 149 3770 -
179 3726 257 3780 caret
273 3660 416 3797 loquendi
439 3717 531 3776 forma
556 3736 629 3810 quae
653 3721 766 3798 sumpta
790 3724 834 3778 est
856 3717 979 3800 ab'ipso
999 3725 1164 3800 conspectu.
1202 3719 1313 3783 ‘lenae

147 3815 158 3832 ⁸
179 3799 304 3880 quidem·
318 3795 490 3872 elementum
515 3805 653 3876 quatenus
672 3798 701 3856 in
721 3797 819 3858 ordine
838 3797 986 3879 sphaerico
1006 3799 1134 3860 intimum
1154 3799 1253 3862 locum
1265 3823 1313 3864 oc·

178 3885 280 3958 cupnt,
304 3876 376 3936 infra
400 3895 488 3956 aquas
509 3877 641 3936 subsidit:
665 3877 714 3936 sed
734 3897 824 3956 quum
842 3897 908 3959 pars
927 3877 1085 3940 habitabilis
1105 3880 1186 3960 aquis
1206 3881 1244 3940 sit
1265 3903 1313 3942 su·

175 3960 281 4040 perior,
302 3956 377 4016 unde
397 3956 457 4014 lieri
477 3953 601 4015 dicemus
616 3961 649 4018 ut
664 3955 770 4018 stubilis
785 3965 898 4018 maneat
911 3955 982 4020 baec
992 3959 1144 4036 distinctio,
1164 3959 1219 4019 nisi
1230 3963 1314 4041 quod
1329 3975 1336 3988 ’

176 4057 268 4118 aquae
287 4035 432 4095 Divinitus
456 4035 545 4094 instar
568 4035 741 4096 fundamenti
767 4037 924 4100 substratae
943 4041 1028 4099 sunt?
1067 4039 1126 4100 larn
1146 4040 1170 4098 si
1189 4039 1227 4099 ab
1247 4043 1313 4123 ipsa

176 4117 276 4176 mnndi
295 4117 402 4196 origine
423 4121 569 4194 paternam
589 4133 686 4198 curam
706 4113 786 4176 Deus
805 4117 842 4178 nd
861 4125 955 4180 totum
973 4117 1129 4180 humanum
1148 4139 1239 4200 genus
1259 4143 1313 4181 ex-

174 4197 274 4336 scepdtp
294 4195 489 4335 pruerppotiva
507 4193 624 4256 lionoris
643 4213 701 4276 qua
720 4198 819 4260 ceteris
838 4205 983 4280 praestant
1001 4197 1105 4278 ludaei,
1126 4219 1165 4262 ex
1182 4204 1313 4282 gratuito

221 4294 286 4336 ecu
304 4294 380 4336 unser
394 4295 436 4336 ιιι.
787 4317 791 4325 -
