2818 4886
243 257 247 266 ,
329 219 332 226 ’
514 287 518 298 ,
587 243 878 320 1.cauvquus

106 371 112 380 '
236 369 332 432 tenere
347 367 429 430 bouis
445 368 546 440 cansis4
565 367 641 430 unde
660 367 814 442 manuae,
833 375 926 428 rectos
941 366 1070 430 homines
1086 367 1122 430 ab
1137 387 1173 430 eo
1183 369 1302 452 adaptet

164 389 238 510 illia
275 456 341 508 aute
361 449 471 508 dixerat
490 447 546 507 alio
566 468 660 522 serron,
681 447 777 508 Deum
797 449 898 508 intueri
919 447 993 508 filios
1014 449 1174 524 bominum,
1194 467 1303 531 nempe

93 555 97 564 ¹
165 531 232 610 quin
250 527 498 623 ‘iudicaturus-est
518 527 720 622 deceptusque
739 527 810 586 vitae
837 527 883 586 bie
907 547 976 588 vero
995 533 1088 586 rectos
1108 534 1137 586 et
1157 530 1304 610 simplices

165 607 446 748 tibtote?
460 624 526 746 atr
540 605 1305 772 ,felibptiltttitit‘tttptbtttlzt

165 767 212 826 dio
227 767 322 826 salvos
337 765 399 826 tore
413 785 511 826 omnes
527 765 576 844 qui
592 767 654 826 eius
670 767 775 844 gratiae
789 766 889 838 innixi,
909 767 1046 825 iustitiam
1061 767 1169 826 sineere
1184 767 1301 828 colunt:

163 867 203 908 en
221 865 345 924 quorum
364 864 483 904 numero
502 845 563 924 ipse
582 863 665 916 unus,
686 844 815 923 adeoque
834 846 1003 924 praecipuus
1023 851 1092 904 erat.
1119 847 1304 926 'Quanquam

63 977 68 990 ,
160 932 261 995 auteur
284 925 362 984 varie
386 925 541 1004 exponitur
565 922 622 982 boc
646 929 821 1002 postremum
846 924 1020 995 membrum,
1048 925 1172 984 Rectum
1192 927 1303 1004 pretim

158 1008 259 1087 facies
278 1013 355 1064 etue:
378 1004 532 1083 genuinum
551 1009 646 1062 tamen
671 1021 786 1084 sensum
811 1022 873 1062 esse
899 1023 957 1062 nou
977 1003 1090 1075 dubito,
1140 1006 1196 1063 uod
1216 1003 1303 1066 Dens

135 1091 307 1166 xrectorum
331 1091 497 1164 perpetuam
520 1085 658 1142 rationem
683 1080 799 1154 lrabeat,
824 1101 1027 1162 necunquam
1053 1025 1163 1142 abillis
1187 1091 1303 1146 avertat

164 1163 274 1236 peulosz
298 1161 371 1222 Illud
390 1165 464 1221 euim
486 1167 617 1226 eoactum
637 1167 690 1234 est,
710 1158 948 1224 Rectusvisurns
967 1161 1067 1223 taciem
1085 1160 1152 1224 bei..
1168 1161 1227 1224 Sed
1243 1183 1301 1246 ego

123 1283 127 1296 ·
163 1243 194 1304 in
214 1241 368 1304 refutandis
387 1241 450 1302 aliis
470 1240 650 1322 opinionibus
668 1260 728 1300 nou
747 1241 855 1312 insiste

432 1663 439 1672 Ι
511 1556 956 1666 essenus'xu.

163 1769 227 1810 Δισ.
242 1765 316 1810 Deetet
328 1763 438 1822 perditem
455 1767 538 1808 seusa
549 1764 631 1824 pepuli
647 1765 763 1822 deplorm
781 1771 803 1810 et
820 1771 938 1810 eceman
955 1765 1011 1808 καί
1024 1765 1108 1808 ordiris
1123 1765 1294 1824 discipulina,

237 1845 352 1893 preter,
365 1841 390 1878 ut
403 1839 464 1879 Dm
477 1837 526 1878 rete
538 1843 623 1879 neem
635 1844 760 1880 murrae.
779 1839 863 1880 Deinde
874 1845 900 1879 st
913 1853 937 1880 ee
949 1843 971 1879 et
984 1851 1053 1878 ome
1062 1839 1116 1892 pter
1128 1837 1221 1892 uhtu,
1231 1845 1295 1893 pue-

240 1920 304 1963 pm
315 1909 360 1950 Bet
368 1907 536 1962 punierim
548 1906 626 1949 mestit
639 1907 765 1963 descendo
778 1909 827 1952 nie
841 1905 1010 1964 utilimfldn
1021 1909 1069 1950 eiu
1081 1915 1103 1952 et
1117 1910 1262 1952 emeoema
1274 1909 1297 1950 in

241 1979 353 2022 remundis
361 1979 481 2033 pro-iuste
495 1977 632 2020 munda.
648 1979 707 2022 Unde
720 1979 829 2022 concludit
842 1979 925 2022 enee·
937 1979 1002 2022 eliu
1015 1979 1037 2022 te
1047 1979 1148 2040 κάμ’,
1155 1977 1297 2034 remedie,

114 2053 121 2062 '
209 2107 216 2126 ·
236 2049 326 2104 phun
338 2049 476 2090 liberatem
482 2049 544 2104 sore.
619 2073 625 2084 -

166 2251 169 2274 ,
208 2189 238 2255 1.
259 2185 421 2256 Praefecto
444 2211 540 2279 super
562 2199 706 2257 octavam
722 2187 887 2258 Canticum
903 2187 1043 2256 Doridis.
1068 2175 1107 2284 2]
1131 2189 1228 2256 Serva
1250 2187 1298 2257 le·

156 2295 255 2378 bova,
279 2295 352 2384 quia
364 2293 486 2362 „deiecit
506 2295 698 2378 misericors,
720 2297 794 2386 quia
815 2296 995 2386 consumpti
1016 2306 1094 2362 sunt
1110 2319 1235 2364 veraces
1253 2317 1297 2362 ex

56 2463 59 2468 .
161 2397 232 2466 filiis
254 2399 430 2466 bominum.
462 2398 841 2494 3.Fatlaeiam10quitm
863 2401 996 2493 quisquc
1019 2425 1093 2470 cum
1115 2403 1203 2470 socio
1225 2410 1297 2485 sub,

162 2505 250 2575 labiis
272 2503 490 2603 blanditiarum
512 2507 545 2574 iu
567 2509 661 2578 corde
683 2519 716 2577 et
737 2511 830 2578 corde
853 2509 1034 2598 loquuntur.

233 2677 260 2740 1.
271 2671 431 2758 Praefecto
441 2703 528 2764 super
538 2690 681 2742 octavam.
696 2679 744 2741 De
754 2679 865 2740 Octava
875 2679 948 2740 desae
958 2687 1024 2738 suut
1033 2681 1220 2760 interpretum
1233 2697 1295 2738 seu·

161 2757 275 2834 tentiae,
295 2759 464 2854 quibusdam
484 2763 624 2822 musicum
644 2767 688 2821 est
706 2763 940 2821 instrumentum:
965 2761 1012 2819 atii
1032 2767 1217 2818 bonumesse
1235 2777 1295 2818 ma·

159 2837 233 2900 tunt.
257 2836 334 2918 Qum
353 2845 449 2900 autem
469 2860 570 2920 parum
589 2841 706 2902 interest
721 2843 856 2900 utramvis
872 2840 968 2920 eligas,
988 2841 1017 2898 iu
1032 2839 1087 2898 bac
1102 2858 1132 2898 re
1146 2858 1206 2897 nnn
1215 2839 1295 2898 adeo

160 2917 268 2980 laboro.
304 2917 392 2997 Quod
416 2921 527 2988 initium
551 2921 684 2984 carminis
707 2920 839 2982 nonnulli
862 2921 949 2980 tuisse
974 2919 1115 2992 divinant,
1139 2938 1197 2977 non
1223 2917 1296 2978 adeo

159 2997 230 3058 mibi
249 2997 394 3079 probabile
409 3000 529 3074 videtur,
550 2997 606 3060 boc
620 3001 734 3080 quidem
750 3002 882 3060 convenit
897 2999 932 3058 ad
948 2999 1168 3058 modulationem
1185 2997 1294 3056 reterri.

126 3119 132 3126 -
159 3075 243 3136 tuitio
268 3080 453 3158 conqueritur
471 3079 580 3154 David,
603 3087 709 3142 terram
733 3081 875 3142 sceleratis
900 3079 1074 3152 bominibus,
1099 3083 1127 3136 et
1152 3076 1187 3135 ad
1207 3096 1295 3136 omne

160 3157 298 3218 scelerum
319 3179 409 3238 genus
428 3162 560 3238 proiectis
579 3161 618 3220 ita
637 3161 725 3220 tuisse
744 3166 918 3240 coopertam,
939 3165 972 3218 ut
990 3158 1100 3218 nullum
1120 3159 1187 3217 recti
1202 3163 1231 3216 et
1245 3173 1294 3214 ae-

160 3237 211 3316 qui
235 3238 360 3298 stndium
384 3239 507 3316 rigeret,
530 3257 616 3298 nemo
641 3239 781 3300 bonorum
807 3246 882 3298 esset
902 3239 1046 3298 detenmr:
1071 3237 1148 3296 nulla
1169 3235 1293 3315 deniqne

158 3313 319 3378 humanitas
338 3317 384 3376 rel
403 3317 474 3376 tides
493 3318 614 3397 amptius
633 3325 759 3379 restaret
786 3317 929 3378 Credibile
944 3325 1041 3380 autem
1054 3323 1098 3378 est
1112 3324 1225 3397 tempus
1241 3335 1293 3376 nu·

158 3397 212 3454 tari
231 3415 290 3475 qun
309 3417 377 3456 euru
395 3397 617 3477 persequebatur
631 3397 715 3458 Saul:
736 3399 802 3479 quia
822 3405 891 3466 tunc
909 3400 1013 3463 summi
1033 3397 1063 3456 et
1081 3396 1169 3456 intimi
1185 3397 1293 3476 quique

158 3476 195 3536 ed
219 3476 361 3536 insontem
386 3483 415 3536 et
434 3477 569 3538 miserum
588 3477 733 3540 bominem
754 3479 928 3559 perdendum
947 3481 1187 3558 conspiraverant.
1217 3473 1292 3534 llor-

158 3554 278 3616 sendum
303 3563 399 3616 temen
424 3556 502 3616 dictu
526 3563 582 3631 est,
607 3560 648 3618 sic
671 3561 701 3618 iu
721 3559 829 3639 populo
849 3559 939 3618 electo
959 3577 1087 3616 eversam
1106 3555 1291 3615 tuisse-iusti-

158 3636 240 3706 tiam,
265 3643 298 3694 ut
318 3655 417 3697 omues
437 3657 495 3698 uno
514 3657 655 3698 consensu
674 3638 766 3697 bonae
785 3657 886 3699 censae
904 3637 1021 3710 intensi,
1041 3637 1077 3694 ad
1097 3635 1243 3694 saevitiam
1263 3639 1306 3694 et·

158 3715 353 3780 erudetttntem
373 3717 524 3786 terrentur.
549 3709 651 3796 Neque
669 3719 746 3778 enim
764 3717 813 3780 hic
832 3719 1002 3856 affleuigeuas
1022 3711 1146 3788 accusat}
1165 3715 1215 3774 sed
1235 3711 1292 3773 boe

157 3793 314 3872 iniquitatis
334 3797 472 3856 diluvium
492 3801 612 3878 grassari
631 3801 661 3858 iu
679 3795 806 3858 Ecclesia
824 3805 853 3858 te
880 3805 953 3858 atur.
983 3795 1081 3873 Quare
1100 3815 1137 3856 ne
1157 3793 1241 3854 bodie
1260 3794 1291 3854 in

62 3931 73 3956 ,
157 3873 231 3942 tristi
250 3878 455 3956 corruptissimi
475 3885 503 3936 et
522 3896 639 3956 prorsus
659 3877 769 3936 contusi
789 3883 878 3936 status
898 3877 947 3936 ads
969 3883 1033 3936 ectu
1050 3874 1218 3936 animosdes
1240 3893 1291 3934 nn·

158 3951 243 4018 deant
262 3953 370 4028 fideles,
389 3956 536 4016 serendum
555 3958 693 4036 patienter
712 3959 847 4036 cogitent,
867 3958 890 4016 si
910 3899 1008 4016 eadent
1029 3958 1066 4015 sit
1086 3973 1137 4014 sna
1156 3895 1292 4028 conflicto,

158 4053 233 4114 quae
254 4035 326 4104 ‚olim
351 4035 406 4094 fuit
430 4035 559 4096 Davidis.
589 4033 753 4096 Notandum
772 4057 841 4098 vcro
861 4036 939 4116 quod
959 4035 1056 4096 Deum
1075 4034 1131 4094 bae
1150 4033 1186 4093 de
1206 4051 1293 4094 eausa
1339 4089 1344 4096 .

157 4113 289 4176 inclamat
303 4113 401 4176 David
422 4115 458 4176 ad
484 4135 568 4194 opem
587 4116 839 4197 ferendumque
859 4117 938 4176 nulle
957 4122 1087 4196 superest
1106 4116 1180 4174 inter
1200 4113 1292 4174 bomi-

157 4213 208 4252 nes
228 4193 381 4254 rectitudo:
402 4201 434 4254 ut
453 4195 514 4254 eius
533 4195 666 4276 exemplo
685 4198 714 4254 iu
734 4215 844 4256 summa
856 4197 1050 4276 desperatione
1060 4193 1097 4254 ad
1108 4193 1203 4254 Deum
1223 4213 1290 4256 eon·

93 4337 98 4348 ,
157 4273 254 4352 ingero
275 4275 423 4334 discamus.
444 4271 517 4332 Nam
533 4280 562 4332 et
577 4274 633 4334 boc
646 4277 825 4338 statuendum
840 4283 893 4351 est,
909 4295 1028 4356 queres
1038 4277 1126 4352 magis
1136 4277 1165 4334 in
1181 4273 1310 4356 mundox

157 4351 386 4441 corrtnsoeqsnut,
407 4352 471 4418 Deo
491 4355 614 4416 maxime
634 4363 828 4438 opportunum
847 4375 909 4418 esse
929 4356 1061 4418 emeandi
1080 4353 1203 4436 tenipus.

859 4467 882 4498 Ἰ
