2836 4886
426 75 429 84 ¹
499 83 506 116 i

511 282 553 322 ru
583 269 854 322 renuuntur.
924 297 926 302 ,
1201 284 1253 338 471

1 402 2 414 ¹
90 407 185 468 orchis
211 403 584 486 inargentatorum
610 401 673 465 sihi
688 421 750 474 esse
775 403 864 466 inst'ar
888 401 944 464 cibi
962 409 993 464 et
1010 411 1113 498 potus,
1131 409 1166 464 ιιι
1185 403 1254 465 illuc
1291 457 1296 466 .

0 487 1 512 ¹
90 487 214 550 teratur
238 504 289 548 aua
312 487 430 548 esuriem
471 482 560 565 Quod
584 485 696 549 animae
720 483 813 559 sitim,
836 485 915 545 carui
938 482 1044 544 tarnem
1064 482 1173 556 triburi,
1192 504 1266 546 nou·

0 659 1 670 ¹
93 653 131 706 et
154 663 243 709 carae

93 565 192 628 dehet
212 565 380 704 ecrulpuiaaa
398 565 488 647 accipi
500 565 694 645 istcpartiticr
715 565 782 644 quia
802 563 967 644 simpliciter
975 563 1108 642 inteiligit
1117 583 1148 623 se
1158 565 1253 626 anima
1294 628 1297 636 ,

292 663 359 706 eum
378 653 524 726 appetere.
564 642 706 724 Quamvis
724 644 800 704 enim
820 642 900 704 nullo
919 644 1048 724 appetitu
1068 663 1119 724 per
1138 662 1170 704 se
1188 663 1252 704 mo-

0 745 1 756 ¹
94 732 191 789 vetur
211 743 246 788 cu
283 745 326 800 us,
345 725 532 788 tamen-satis
550 730 664 798 coustat
682 724 794 786 animae
819 723 938 788 affectus
962 723 1032 792 iiiuc
1055 742 1147 804 usque
1166 743 1252 804 pene-

0 1305 1 1322 *
96 1292 129 1345 et
152 1285 269 1346 virtutis
287 1291 354 1346 tuae
373 1287 479 1350 intuitu
498 1305 547 1346 ma
565 1303 695 1360 exerceo,

93 803 553 976 tramii-'t[artificialiarrctuum'a.
593 883 755 946 Confirmat
774 883 852 964 qnod
871 903 965 964 nuper
984 883 1072 964 attigi,
1098 901 1138 976 se,
1159 902 1249 1021 puum

94 965 129 1026 in
154 963 269 1028 ducto
292 985 390 1028 reram
410 968 539 1029 omnium
557 965 641 1047 inops
662 971 771 1046 ageret,
795 981 944 1044 nunquam
963 970 1060 1026 tamen
1081 960 1136 1021 Der
1175 963 1250 1024 uisse

0 1068 1 1079 ¹
96 1043 238 1108 oblitum·
278 1043 353 1109 Nam
376 1046 531 1127 particulae
550 1045 610 1118 Sic,
634 1064 693 1112 acu
718 1045 781 1106 iera
806 1045 921 1128 pondus
944 1044 1033 1105 inest:
1052 1043 1111 1104 acsi
1133 1039 1248 1114 diceret,

95 1118 250 1203 Quamvis
269 1126 299 1186 in
318 1125 374 1186 hac
393 1125 546 1190 solitudine
565 1125 638 1188 nihil
658 1125 713 1184 nisi
731 1125 811 1186 triste
836 1131 865 1185 et
884 1123 1032 1184 horridum
1050 1128 1196 1217 appareat,
1216 1127 1250 1180 ut

93 1205 166 1286 ipsa
192 1205 249 1266 loci
272 1206 409 1286 asperitas
434 1207 524 1300 possit
549 1203 735 1268 obtenebrare
760 1203 871 1300 ocutos:
897 1221 952 1300 ‚⁰5⁰
971 1210 1068 1264 tamen
1087 1221 1119 1296 ip
1138 1201 1246 1282 gloriae

96 1362 252 1442 Quamdiu
277 1353 404 1426 liberum
419 1365 514 1426 iuerat
533 1363 638 1426 Doridi
657 1365 687 1426 in
707 1281 1246 1456 §miiitiriilnlitisiigciiiiuinfiilffi

96 1444 225 1524 legalem
245 1445 361 1507 minime
380 1445 559 1526 negtsxosu
579 1446 646 1526 quia
666 1445 772 1508 sciehat
797 1443 901 1506 talibus
920 1443 1091 1504 adiumentis
1108 1439 1164 1500 criu
1184 1457 1247 1502 csse

0 1551 1 1558 ι
96 1543 188 1604 opus.
226 1521 312 1584 Nunc
332 1523 380 1586 uhi
401 1523 569 1606 prohibetur
587 1525 623 1586 ab
643 1543 768 1601 accessu,
791 1531 917 1586 mentem
942 1541 1024 1584 suasu
1044 1520 1168 1582 ostendit
1187 1539 1277 1580 non.
1326 1584 1327 1595 p

1 1627 5 1658 ι
47 1609 50 1619 ’
95 1603 449 1683 coemurdssymbotis
469 1603 600 1668 atdraus
621 1607 688 1684 quia
708 1606 737 1664 in
757 1604 896 1685 spirituali
907 1603 964 1664 Dei
984 1603 1121 1683 adspectu
1140 1599 1245 1660 nihilo·
1364 1639 1367 1648 ψ

69 1684 197 1744 =minns
217 1701 248 1742 se
268 1683 402 1749 oblectat,
442 1682 482 1744 Et
504 1685 591 1746 simui
614 1687 701 1748 etiam
719 1704 752 1744 re
776 1685 839 1764 ipsa
863 1683 1040 1747 demonstrat
1064 1678 1245 1760 quambene
1377 1688 1380 1696 ’

94 1762 310 1844 profeceritiu
335 1763 391 1824 iltis
415 1764 527 1844 pietatis
550 1764 696 1826 exercitiis¹
718 1783 792 1844 qnae
812 1761 955 1826 Dominus
979 1763 1010 1822 in
1029 1759 1104 1840 Lege
1129 1759 1244 1820 manda·

97 1847 192 1902 verat.
212 1839 310 1906 Crassi
329 1847 358 1902 et
377 1844 566 1922 superstitiosi
586 1843 725 1919 homines,
745 1843 911 1923 quantisper
929 1842 1107 1906 autecculns
1127 1829 1242 1902 ver'san-

98 1927 151 1984 tur
171 1921 358 1994 semunciae,
383 1923 517 1984 ridentur
541 1923 594 1984 aeli
620 1923 721 1984 ardore
739 1924 769 1984 in
790 1921 903 1984 cadum
924 1921 1004 1982 terri:
1028 1919 1077 1980 sed
1099 1937 1243 1978 unacum

97 1999 257 2080 spectaculi
281 1999 373 2085 tignus
393 2003 491 2062 statiua
510 2003 610 2083 religio
635 2003 690 2064 iilis
709 2003 861 2065 evanescit.
902 1999 997 2062 David
1018 2007 1123 2072 autem,
1144 1999 1243 2078 quadr·

97 2081 144 2140 vis
163 2098 242 2140 nunc
260 2081 390 2160 privatus
408 2082 446 2144 sit
464 2083 640 2155 ceremoniis,
655 2089 869 2144 earum-tamen
887 2082 1056 2144 memoriam
1074 2081 1187 2152 retinet,
1208 2083 1242 2139 ut

97 2159 136 2218 ad
147 2157 243 2220 Deum
264 2159 389 2240 adspiret
406 2180 443 2222 ac
460 2162 578 2226 nitatur.
603 2159 703 2238 Quare
723 2163 874 2236 discamus,
892 2163 955 2224 rius
970 2160 1112 2240 exemplo,
1133 2157 1244 2218 etiamsi

98 2257 155 2300 nos
176 2239 301 2298 externis
322 2239 454 2302 omnihus
480 2243 587 2319 gratiae
607 2240 663 2302 liei
688 2241 828 2320 symbolis
853 2241 968 2321 spoliari
989 2243 1149 2318 contingat,
1169 2239 1244 2298 inter

97 2317 208 2380 medias
228 2337 346 2414 quoqpe
365 2319 486 2398 abyssos
506 2317 603 2416 Deum
628 2320 694 2416 fidei
714 2320 805 2414 oculis
831 2319 1043 2414 adspicientium
1068 2319 1151 2378 nohis
1171 2335 1243 2390 esse,

98 2405 316 2540 §iiiiii
334 2397 1243 2561 :timidiiiithitttdtitttth‘itti:

98 2557 205 2638 ptismu
230 2559 454 2637 repraesentavit
478 2557 552 2639 Epa
572 2561 602 2632 5,
622 2563 670 2624 26.
695 2556 749 2620 Tit
771 2565 801 2634 3,
822 2561 849 2622 5.
875 2559 967 2620 fixum
986 2560 1016 2620 in
1036 2577 1122 2618 sensu
1141 2562 1241 2616 nostro
1300 2610 1304 2620 ι

99 2651 215 2698 manem
238 2633 330 2698 dehet.
371 2635 421 2701 Sic
444 2657 547 2698 amana
567 2638 674 2700 Christi
699 2659 765 2702 cnm
789 2638 926 2702 membris
950 2639 1010 2698 suis
1035 2637 1157 2700 societas
1182 2653 1242 2696 non

98 2714 186 2811 modo
211 2713 389 2814 incoenae·
403 2719 529 2792 achone,
552 2719 602 2780 aed
626 2737 739 2800 suuper
763 2739 912 2815 occurrere
935 2718 1018 2814 nohis
1041 2716 1134 2811 dehet.
1177 2715 1241 2810 Imp

99 2797 717 2956 tat.0t³;1i{¹ttttiiittti⁰tt²t
731 2795 1242 2958 tiittd‘ttmtitittttit

100 2952 202 3016 aDec
220 2962 360 3018 avertant.
400 2954 501 3035 Quum
521 2956 589 3018 dicit
608 2967 817 3040 secouspicere
834 2967 933 3040 iprum
951 2959 993 3018 cd
1011 2958 1176 3029 uidendum,
1196 2975 1241 3016 se·
1297 3031 1298 3038 ἵ

103 3033 198 3098 dariam
216 3037 406 3098 attentionem
424 3042 518 3098 nomi:
538 3038 596 3098 ansi
616 3038 730 3110 diceret
756 3037 857 3098 Studia
881 3057 946 3098 mea
964 3037 1001 3096 ad
1025 3037 1101 3098 hanc
1123 3035 1240 3097 medita·

101 3115 206 3176 tionem
218 3115 365 3196 diiigenter
384 3115 508 3198 applico,
527 3123 561 3178 ut
579 3115 651 3178 mihi
670 3124 803 3178 occurrat
816 3116 873 3178 Dei
892 3117 982 3198 gloria
1001 3123 1030 3178 et
1050 3117 1151 3192 virtus,
1170 3133 1240 3196 qua·
1327 3157 1336 3166 -

1 3255 5 3269 ,
101 3214 165 3256 rum
182 3195 277 3275 imago
297 3197 328 3256 in
347 3195 516 3258 Sanctuaric
533 3197 664 3278 refulget.

177 3275 213 3338 4:
229 3281 310 3352 Quia
320 3279 424 3338 metiar
440 3279 601 3340 clementio.
626 3273 802 3360 Quarqrrem
821 3296 923 3338 eorum
939 3279 1107 3340 sententiam
1123 3293 1181 3336 nnn
1196 3295 1239 3336 re·
1276 3325 1280 3336 .

101 3352 186 3438 pudic
206 3358 257 3496 apri
277 3376 336 3420 uuo
354 3361 492 3418 mutextu
510 3356 610 3440 legunt
628 3357 707 3418 hunc
725 3377 850 3430 versum,
870 3360 948 3438 prius
963 3355 1238 3430 tameumembrum,

100 3453 165 3497 meo
182 3433 213 3496 in
235 3437 300 3507 icio,
319 3455 386 3497 cunr
406 3437 554 3516 superiore
572 3455 659 3498 versu
679 3439 773 3518 aptius
798 3437 941 3498 cohaeret.
980 3437 1051 3498 Mihi
1075 3438 1151 3497 enirn
1171 3455 1239 3496 eau-

100 3533 160 3576 sam
187 3513 308 3576 reddere
326 3515 440 3578 ridetur
458 3513 555 3577 David
575 3535 627 3578 our
645 3524 796 3597 tantopere
815 3515 881 3578 Deo
905 3518 991 3578 fuerit
1014 3517 1152 3578 addictus.
1193 3515 1238 3577 Ac

102 3596 190 3678 primo
215 3595 334 3676 quidem
355 3595 513 3658 notandum
533 3603 585 3670 est,
612 3597 668 3658 suh
687 3607 765 3660 vitoe
784 3597 900 3658 nomine
920 3597 1124 3678 comprehendi
1143 3595 1237 3656 media

63 3701 74 3718 ,
102 3677 192 3738 emnia
233 3673 316 3736 uibus
341 3683 448 3738 statum
467 3697 551 3738 suum
570 3684 689 3738 tuentur
714 3677 852 3739 homines.
894 3675 1043 3756 Quamdiu
1063 3677 1139 3738 enim
1159 3676 1264 3736 uide·

103 3761 162 3818 nur
183 3775 223 3818 nc
244 3757 267 3834 is
292 3755 383 3838 prche
408 3758 525 3832 muniti,
548 3757 579 3818 in
603 3765 728 3820 nuntiam
751 3777 811 3818 non
837 3759 916 3818 venit
939 3757 977 3818 ad
995 3756 1054 3820 Dei
1077 3757 1236 3818 misericor·

100 3835 172 3898 stiam
191 3835 355 3918 coningere.
396 3835 530 3919 Denique
555 3845 687 3900 uestrum
710 3857 787 3913 esse,
812 3845 845 3898 ut
867 3839 909 3898 ita
933 3838 1053 3918 loquar,
1071 3836 1237 3918 perstringit

105 3913 179 3973 nohis
198 3915 306 3991 oculus,
326 3937 363 3984 ne
384 3937 533 3980 cernamus
553 3918 615 3978 sola
624 3915 681 3983 Dei
700 3919 790 4003 gratia
810 3937 862 3978 nos
877 3917 1038 3981 subsistere.
1069 3916 1147 3994 Quia
1167 3935 1237 3994 ergo

29 4062 38 4070 ᾗ
105 3994 215 4054 teuenis
234 3996 365 4060 subsidiis
385 3998 504 4073 suffuiti,
528 3995 626 4059 Deum
645 3999 704 4060 iere
724 3997 926 4074 obliviscimur,
945 3998 993 4058 hic
1013 4001 1112 4057 asserit
1131 3993 1236 4068 David,
1356 4009 1364 4038 t

105 4071 199 4138 melius
217 4073 300 4136 nohis
318 4097 380 4140 ease
398 4079 458 4140 ini
494 4085 624 4140 amcrtc
642 4078 748 4142 subniti
766 4078 824 4138 Dei
848 4079 1056 4152 misericordia,
1113 4095 1178 4136 uam
1204 4075 1243 4150 iu¹

105 4151 173 4212 ritae
192 4159 355 4233 apparentia
374 4098 527 4220 coufiriiie.
558 4157 697 4240 Frigidius
716 4179 752 4225 ac
771 4159 887 4226 dilutius
901 4161 948 4220 aiii
968 4164 1127 4242 experiari,
1147 4157 1236 4214 vitam

105 4238 238 4306 mma
304 4237 538 4318 rumpotinus
563 4240 610 4315 sit,
633 4241 770 4322 postponi
789 4234 845 4300 Dei
868 4235 1091 4301 misericordiae:
1116 4235 1175 4296 acsi
1195 4235 1235 4294 di·

106 4317 182 4386 ceret,
202 4315 279 4371 omni
300 4333 333 4376 ns
353 4315 434 4376 bonis
453 4317 510 4380 hoc
529 4336 620 4379 unum
644 4323 747 4380 merito
772 4319 916 4401 praeferri,
942 4339 1033 4400 quum
1052 4315 1133 4378 Deus
1153 4317 1236 4376 nobis

106 4397 143 4452 est
158 4393 306 4476 propitius.
346 4394 437 4478 Atqui
455 4399 643 4466 tenendaest
660 4399 810 4461 antithesis
830 4401 905 4478 inter
923 4399 1095 4462 incolumem
1121 4405 1236 4474 statum,
