2804 4890
180 280 251 352 ¹pp)
437 325 445 334 ,
634 277 924 323 aetarnae

198 407 366 493 giveuando
385 405 553 468 obscurante
573 403 695 488 deniqne
713 421 862 485 nunquam
880 403 1002 486 ingenue
1021 409 1051 465 et
1064 403 1152 486 pleno
1166 425 1220 466 orn
1235 411 1343 468 rectam

198 491 405 552 confessionem
420 492 555 546 asserant.
575 483 638 546 Hac
651 487 791 566 pravitate
806 501 837 544 se
850 485 939 546 fnisse
953 485 1123 564 implicitum
1136 492 1228 567 negat
1236 485 1343 560 David,

169 555 265 653 'quit
290 570 351 628 sine
375 566 435 626 talla
458 565 639 638 simulatione
664 565 828 646 patefecerit
847 562 912 624 Deo
937 565 1073 644 quioquid
1092 583 1161 624 eum
1182 565 1342 644 premebat,
1385 561 1386 622 l

198 649 277 732 quod
297 645 555 707 etiam·ounlirmat
573 647 701 706 Dicenda·
719 644 817 704 verbo.
837 642 912 704 Nam
933 663 1022 724 quum
1040 644 1157 725 reprobi
1177 645 1342 719 trahantur,

198 727 315 812 perinde
336 727 418 804 acsi
442 723 528 784 iudex
552 723 703 784 scelerato's
728 726 758 784 in
783 725 980 806 quaestionem
1005 731 1115 802 ageret,
1145 725 1288 785 consulto
1316 733 1343 784 et
1385 747 1386 786 t

198 827 341 950 ttttffltt
358 821 451 968 itt
465 810 562 944 ,tit
575 801 1242 963 tertttttlttttdtt,‘tillet’
1255 805 1342 944 stit

197 967 356 1049 pollicitum
376 985 394 1024 a
413 963 469 1024 Dei
493 963 700 1037 misericordia,
724 981 760 1022 ne
784 961 887 1022 liberae
911 962 1081 1022 confessioni
1106 965 1184 1024 viam
1212 965 1340 1045 praeola-

163 1113 166 1122 ,
200 1049 280 1107 deret
299 1053 399 1105 terror.
429 1033 572 1104 particula
591 1048 691 1124 Super
707 1065 766 1118 aaa,
784 1042 832 1102 vel
850 1049 950 1102 contra
969 1061 1032 1116 me,
1055 1041 1198 1122 signifiat
1219 1047 1340 1104 omimoa

179 1129 286 1187 ‘fuisse
306 1124 445 1185 aDuvide
465 1143 563 1184 omnes
584 1129 747 1204 praetextas
768 1122 871 1202 quibua
889 1121 966 1182 bona
986 1140 1053 1204 para
1073 1121 1226 1182 hominnm
1247 1143 1280 1182 ee
1293 1143 1339 1182 ex·

201 1213 314 1278 onerat,
339 1205 453 1282 cuipam
477 1203 533 1262 alio
559 1204 748 1280 transferens,
772 1203 820 1262 vel
844 1201 984 1263 derivans.
1024 1200 1132 1262 Statuit
1151 1220 1226 1285 ergo
1246 1201 1339 1264 David

102 1311 104 1319 s
199 1307 261 1347 sese
272 1285 328 1344 Dei
342 1284 446 1344 iudicio
466 1283 578 1363 penitus
598 1281 745 1354 subiicere,
764 1281 950 1362 proferreque
969 1301 1053 1342 suum
1072 1288 1194 1358 matum,
1216 1289 1251 1343 nt
1263 1283 1339 1364 apud

202 1365 514 1428 sedamnatusveniam
535 1363 708 1442 impetraret.
729 1365 771 1422 Et
789 1371 824 1422 te
842 1370 989 1421 remisisti.
1019 1359 1181 1422 blembrum
1202 1362 1262 1423 boe
1281 1384 1338 1422 mo-

199 1445 277 1506 lestis
297 1450 327 1516 et
346 1443 413 1502 diris
433 1443 632 1524 agitationibus
652 1439 941 1522 opponitursqnibus
960 1459 992 1501 se
1010 1448 1148 1502 vexatum
1164 1442 1255 1502 fuisse
1269 1443 1338 1502 dixit

200 1533 353 1604 autequam
372 1522 428 1582 fide
449 1523 566 1602 gratiam
587 1520 643 1580 Dei
661 1520 897 1602 apprehenderet.
918 1519 1054 1581 Ceterum
1069 1520 1114 1580 bie
1131 1521 1227 1580 verbis
1246 1522 1337 1597 daed,
1385 1513 1386 1562 l

200 1605 313 1686 quoties¹
332 1623 363 1664 se
383 1611 515 1684 peccator
534 1620 600 1660 curn
619 1602 742 1682 ingenua
756 1600 933 1663 confessione
948 1599 1057 1680 offeret,
1076 1601 1335 1662 reconciliationem

201 1705 267 1744 eum
277 1682 343 1743 Deo
363 1687 490 1764 paratam
510 1681 584 1740 fore:
605 1682 750 1760 quianon
770 1680 824 1739 eibi
844 1681 894 1740 uui
907 1679 1073 1758 placabilem
1091 1677 1335 1741 fuisseDsumrn·

201 1763 278 1838 uitat,
304 1763 353 1824 sed
373 1780 555 1822 communem
574 1761 604 1819 in
623 1779 677 1819 suu
697 1760 830 1839 exemplo
849 1759 1008 1820 doctrinam
1027 1761 1122 1833 tradit,
1154 1781 1190 1822 ne
1207 1761 1331 1820 dmitent

202 1845 253 1924 qui
272 1841 411 1915 laborant,
431 1841 483 1900 aab
504 1859 590 1900 onere
610 1839 662 1899 sibi
682 1839 745 1899 fore
763 1839 927 1920 propitium,
951 1839 1070 1900 rimulae
1088 1845 1170 1900 recta
1187 1847 1218 1900 et
1234 1841 1330 1900 solon·

201 1925 276 1983 tarlo
296 1923 398 1981 affectu
419 1921 455 1979 ad
474 1939 540 1979 enm
560 1939 591 1978 se
610 1919 788 1978 contulerint.
828 1917 925 1999 Siquis
944 1917 1013 1978 hino
1037 1919 1175 1998 colligate
1192 1922 1334 2001 poeniten·
1385 1981 1386 2004 ,

202 2003 271 2062 tiam
291 2003 377 2080 igitur
396 2007 425 2060 et
445 1999 652 2060 confessionem
672 2017 787 2058 causam
805 2016 868 2058 esse
888 1997 1058 2058 obtinendae
1081 2000 1203 2080 gratiae:
1233 1999 1335 2058 solutio
1385 2013 1386 2074 t

200 2101 262 2143 non
282 2079 404 2140 difficilis
423 2085 480 2153 est,
501 2075 642 2138 Davidem
662 2076 710 2136 bic
728 2097 788 2138 uon
808 2077 943 2138 disserere
964 2077 1119 2156 decanea,
1144 2078 1195 2138 sed
1221 2079 1335 2138 modom
1385 2085 1386 2160 i

203 2160 351 2222 ostendere
365 2179 423 2240 quo
438 2177 469 2219 se
483 2155 726 2216 Deoreooneiliat
744 2162 885 2238 peccator.
916 2155 1057 2236 Quamuis
1076 2159 1151 2218 enirn
1172 2159 1337 2218 interveniat
1385 2175 1386 2224 t

202 2239 357 2312 confessio,
387 2237 470 2296 altius
494 2244 590 2295 tamen
613 2235 820 2316 penetrandum
844 2243 900 2312 est,
930 2255 1033 2316 nempe
1057 2237 1135 2317 quod
1159 2236 1234 2298 fides
1254 2237 1336 2298 corda
1385 2243 1386 2316 i

143 2323 145 2335 ¹
202 2325 303 2414 nostra
321 2319 450 2398 aperiens
469 2321 500 2410 et
518 2316 645 2410 lipgnaa,
669 2315 768 2412 eadem
787 2335 905 2410 quoqpe
923 2319 1035 2412 vepiam
1053 2317 1196 2398 impetret.
1240 2311 1335 2397 Neque

202 2395 1336 2557 {titiittqtt¹⁰ttlt⁹tttf¹tttf¹tttsrttttttt‘ttttt‘t

203 2553 309 2628 David,
329 2575 388 2614 non
409 2555 487 2638 quod
506 2573 570 2614 eam
589 2560 655 2614 aetn
674 2555 738 2636 ipso
758 2553 894 2634 loquendi
907 2557 1077 2635 promeritus
1092 2555 1188 2628 fucrit,
1207 2557 1258 2616 sed
1273 2559 1335 2636 quia

201 2637 258 2698 fide
278 2637 424 2696 directrice
442 2633 565 2695 iudicem
584 2653 669 2693 sunm
688 2633 854 2714 suppliciter
875 2634 1041 2715 deprecatae
1062 2641 1116 2695 eet.
1140 2633 1234 2696 Porro
1249 2656 1335 2716 quum

203 2716 303 2778 eadem
322 2715 397 2775 inter
416 2733 469 2774 nos
489 2713 574 2773 hodie
594 2713 690 2794 vigere
710 2713 811 2774 debeat
831 2713 983 2773 confitendi
1008 2717 1081 2776 ratio
1102 2734 1177 2794 qnae
1197 2715 1267 2776 olim
1287 2714 1336 2774 Pt-

202 2795 293 2858 tribus
318 2793 371 2856 aab
395 2791 472 2875 Lege
497 2794 565 2864 fuit,
594 2795 662 2852 satia
690 2792 747 2854 hoo
775 2793 841 2854 loeo
870 2793 1008 2854 refellitur
1036 2795 1220 2874 tyrannicum
1244 2793 1337 2876 Papae

202 2877 338 2949 edictum,
358 2895 416 2954 quo
437 2893 490 2934 noa
509 2892 527 2934 a
546 2871 611 2932 Deo
631 2873 668 2932 ad
687 2891 755 2934 suos
773 2872 915 2934 sacdficos
935 2873 1054 2954 ablegat.

284 2959 312 3018 6.
338 2957 504 3034 Propterea
523 2955 628 3016 orabit.
667 2951 781 3012 Diserte
801 2953 942 3034 exprimit,
963 2953 1098 3034 quiequid
1116 2952 1257 3016 hacteuus
1276 2975 1336 3092 pro-

202 3035 299 3118 posuit
322 3035 354 3094 lu
378 3053 430 3094 aaa
454 3053 591 3115 persona,
620 3034 809 3092 communiter
833 3041 962 3114 spectaro
986 3034 1022 3092 ad
1047 3054 1147 3094 omues
1172 3031 1229 3094 Dei
1254 3035 1337 3094 dios:

204 3111 283 3196 qnod
309 3113 409 3174 sedulo
433 3113 589 3175 notandum
613 3119 671 3187 est,
700 3113 768 3192 qnia
792 3111 830 3172 ob
859 3111 1044 3174 diffidentiam
1072 3113 1155 3174 uobis
1186 3117 1337 3194 ingenitam

203 3196 296 3256 maior
314 3211 380 3273 pars
400 3211 484 3271 aegre
502 3197 532 3252 et
551 3193 674 3273 malique
683 3189 739 3252 Dei
758 3193 877 3330 qratiam
895 3193 933 3252 ad
951 3212 982 3254 ae
1001 3192 1133 3254 admittit
1158 3191 1237 3254 Hine
1255 3195 1338 3254 etiam

106 3295 109 3305 ¹
204 3273 367 3350 colligimus
391 3272 575 3338 confessionis
599 3279 681 3347 actu,
705 3278 738 3334 nt
773 3279 932 3352 aquantur,
956 3273 1070 3333 veniam
1088 3293 1148 3332 non
1166 3273 1258 3334 fuisse
1277 3293 1337 3352 pro·

201 3353 352 3422 meritum,
377 3351 426 3410 sed
450 3351 507 3412 fide
531 3352 621 3432 magis
640 3358 670 3412 et
688 3351 832 3433 precibus:
857 3353 924 3432 qnia
943 3351 1020 3412 bunc
1039 3352 1195 3432 potiundae
1214 3353 1338 3412 eiusdem

204 3431 323 3494 modum
342 3429 473 3493 fidelibus
494 3429 665 3510 praescribit,
685 3439 717 3492 ut
736 3432 773 3491 ud
788 3432 945 3492 orationem
961 3429 1134 3511 confugiant,
1154 3451 1339 3512 quaeverum

204 3518 249 3572 eat
268 3510 338 3572 fidei
354 3509 532 3572 aaadfioium.
573 3510 708 3572 Ceterum
728 3511 881 3582 discamus,
905 3512 936 3572 in
954 3509 1067 3570 Davide
1086 3511 1197 3572 editum
1216 3511 1340 3572 fnisaea

203 3589 271 3650 Deo
292 3589 458 3651 clementiae
477 3590 630 3671 specimen,
649 3590 728 3671 quod
747 3611 806 3650 nou
826 3589 991 3652 tantumad
1009 3610 1177 3652 aesomnes
1192 3593 1339 3671 pertineat,

204 3670 255 3732 aed
275 3672 360 3732 etiam
379 3671 510 3731 ostendat
529 3670 675 3752 quomodo
694 3669 885 3752 reconciliatio
905 3671 1064 3752 quaerenda
1084 3673 1130 3730 sit.
1166 3669 1340 3750 Quanquam

206 3756 303 3811 auteur
332 3751 499 3812 universalis
523 3758 592 3812 uota
615 3751 651 3811 ad
676 3749 921 3815 confirmationem
944 3751 1084 3829 cuiusque
1112 3751 1229 3830 piorum
1254 3749 1339 3808 valet:

204 3829 290 3891 simul
311 3835 405 3890 tamen
425 3831 558 3905 ostendit,
577 3831 682 3892 nemini
701 3850 781 3911 spem
800 3829 899 3897 salutis
916 3829 997 3888 aliter
1011 3828 1081 3904 lieri,
1101 3848 1189 3910 qoam
1204 3831 1340 3902 siceram

204 3908 271 3968 Deo
291 3909 433 3990 supplices
453 3929 484 3978 se
504 3917 694 3990 prosternant,
714 3910 861 3990 quincius
880 3909 1071 3970 misericordia
1089 3909 1238 3970 umneaad
1253 3928 1341 3968 unum

204 3989 340 4069 indigerit.
365 3991 494 4069 Tempore
511 3992 676 4050 inveniendi
694 3991 772 4070 quud
792 4009 862 4050 mox
881 3987 1036 4062 subiicitur,
1056 3987 1174 4068 quidam
1192 3988 1230 4048 ad
1251 3989 1341 4048 solen-
1385 4001 1386 4086 q

205 4087 256 4128 nos
277 4075 306 4128 et
325 4073 413 4127 statas
433 4069 567 4148 precandi
587 4067 671 4129 boras
692 4069 826 4142 referunt,
852 4069 903 4129 sed
926 4069 1030 4130 rectius
1055 4069 1111 4140 alii,
1137 4087 1203 4128 meo
1228 4067 1341 4138 iudicio,

205 4148 302 4208 locum
322 4146 401 4208 bunc
419 4154 587 4228 comparant
605 4167 672 4208 eum
690 4149 741 4210 illo
761 4147 867 4210 lesaiae
890 4167 923 4208 cu
946 4190 953 4206 .
973 4141 1023 4220 55,
1041 4150 1069 4210 6.
1101 4144 1242 4226 Quaerite
1261 4146 1341 4206 lebo-

204 4246 272 4288 vam
289 4225 367 4286 ,dum
391 4227 512 4288 inveniri
535 4234 644 4308 potest:
674 4229 806 4290 invocato
828 4247 895 4302 euru
918 4169 988 4288 doru
1012 4247 1104 4308 prope
1127 4235 1182 4298 est.
1222 4225 1342 4306 Semper

206 4307 321 4384 quidem
341 4308 511 4387 tempestive
529 4309 675 4388 quaeritur
695 4306 790 4382 Dens,
818 4309 886 4388 qnia
910 4305 1028 4386 singulis
1052 4307 1207 4368 momentis
1226 4324 1341 4386 egemus

202 4385 265 4444 ‘eius
284 4390 382 4464 gratia,
402 4391 433 4448 et
450 4387 512 4467 ipse
530 4388 616 4450 etiam
636 4381 711 4448 ultro
731 4386 813 4448 uobis
833 4387 968 4448 occurrit:
989 4385 1039 4448 aad
1053 4388 1122 4468 quia
1134 4405 1189 4450 uos
1201 4387 1342 4470 segnities.
