2730 4882
458 243 799 287 ireseumxuvr.
906 223 909 234 ¹
1143 246 1197 304 559

38 365 192 430 videntur
211 365 325 428 eoelum
341 384 435 442 ruere,
453 371 528 430 terra
547 367 612 428 loeo
631 369 751 442 moveri,
770 375 800 430 ot
819 375 930 432 mootea
949 387 968 428 a
986 368 1127 430 radicibus
1146 369 1196 430 dc-
1220 377 1224 385 '

36 447 179 520 binaeue,
198 453 307 506 alamno
326 452 422 507 tamen
442 453 454 506 t
527 447 601 507 uillie
620 453 650 508 et
670 449 776 508 eccurie
795 449 904 509 animia.
944 447 1038 509 Facile
1057 449 1133 509 cuim
1153 455 1198 510 cat

36 543 192 606 magnam
212 525 346 586 fiduciam
365 545 435 606 prae
454 545 486 588 ac
516 546 578 588 crro
593 527 729 607 quamdiu
740 528 897 610 periculum
912 528 1023 588 nullum
1039 528 1199 610 impendet:

37 624 160 668 verum
180 605 205 664 ai
229 605 317 666 ton‘uo
334 605 441 678 muudi
468 607 617 666 concussio
642 607 753 666 animoa
777 606 1078 682 noctroe=lebeiactct‚
1103 627 1198 688 neque

38 683 1197 844 iutuitu”itltffltiittttltttttttltu
1273 781 1281 810 ι

40 845 133 904 omni
157 842 346 904 sollicitudine
364 843 411 904 vel
432 852 512 904 metu
530 864 589 904 uon
609 807 722 925 pdnitus
741 847 855 920 eximit,
883 787 1046 906 eclipecnou
1066 853 1196 906 carerent

43 923 177 1002 (ctnpor
194 924 270 982 enim
290 941 308 982 a
328 922 396 991 lidci
414 925 573 984 coneuntia
592 923 756 1004 longissime
774 924 867 1004 about)
891 924 941 984 ced
965 930 1076 985 tautum
1103 925 1196 1002 docet,

41 1001 194 1082 quioquid
213 1002 357 1074 acciderit,
376 1021 524 1082 nonquam
544 1023 596 1064 eoo
614 1010 722 1064 terrore
741 1004 834 1078 obrui,
858 1003 908 1062 ced
927 1004 1023 1083 potine
1042 1006 1117 1064 virae
1136 1005 1194 1065 col·

42 1083 143 1164 ligore
165 1099 240 1162 quae
259 1081 296 1142 ed
320 1082 490 1163 placandum
512 1089 652 1142 terrorem
677 1083 827 1144 sufficiant.
870 1086 998 1152 Terrore
1016 1093 1142 1160 moueri,
1167 1093 1196 1145 et
1262 1101 1265 1112 ·

41 1167 170 1221 montes
188 1163 293 1224 cudere
311 1170 344 1224 io
362 1183 416 1222 cor
427 1169 531 1236 morio,
550 1163 731 1240 loquutioocs
743 1169 812 1222 cont
826 1161 1035 1242 hyperbolicae,
1055 1157 1105 1224 r'etl
1120 1181 1195 1243 quae

41 1239 217 1321 significant
236 1241 325 1302 iotiuo
345 1240 422 1300 oriris
440 1242 665 1302 convertionem
691 1239 765 1302 Num
806 1243 864 1303 uod
878 1241 1007 1302 nonnulli
1023 1263 1076 1302 σοι·
1090 1251 1193 1317 morte,

40 1321 84 1379 de
105 1326 189 1380 terra
207 1338 245 1380 ox
266 1327 371 1395 count,
393 1318 463 1380 mihi
481 1339 542 1380 ooo
561 1319 707 1404 probetur.
747 1263 806 1382 sel
825 1328 858 1384 ut
876 1326 988 1382 constet
1005 1320 1088 1382 nobie
1107 1322 1192 1402 plena

41 1399 231 1474 doctrinm
270 1397 380 1480 reliqua
398 1419 561 1482 pergamus.
1182 1433 1185 1438 ·

140 1630 175 1703 4.
204 1635 372 1704 Souabunt
393 1648 426 1706 et
446 1637 722 1706 tumultuabuntur
743 1661 844 1728 aquae
865 1637 951 1720 cius,
972 1635 1191 1704 concutientur

43 1751 181 1809 montes
203 1741 235 1808 iu
259 1740 433 1810 elevatione
455 1743 533 1811 eius.
557 1741 663 1812 Selah.
696 1746 727 1812 5.
749 1742 905 1812 Fluminis
919 1741 1019 1810 rivuli
1041 1741 1109 1809 cius
1131 1741 1191 1808 lae·
1250 1783 1256 1803 t

44 1847 216 1916 tificabunt
237 1817 397 1926 civitoterrl
415 1847 487 1934 Dei,
509 1849 731 1918 sanctuarium
757 1845 1029 1916 tabemaoulorum
1051 1845 1188 1914 Exccloi.
1288 1843 1296 1852 ⁸

48 1955 87 2022 6.
121 1953 211 2022 Deus
232 1955 266 2022 in
287 1953 393 2023 medio
415 1955 500 2024 eiua:
521 1979 588 2022 non
609 1955 804 2039 movebitur,
825 1951 983 2023 adiuvabit
1005 1975 1076 2021 eam
1097 1951 1188 2020 Deus

47 2061 92 2128 ad
115 2069 322 2152 conspectum
343 2083 484 2130 aurorae.

131 2203 160 2267 l.
190 2207 352 2267 swanum.
392 2205 468 2266 Com
492 2204 549 2265 hoo
568 2223 654 2266 versu
674 2205 808 2286 coniungi
829 2203 911 2266 deluat
929 2205 1014 2264 etium
1033 2201 1185 2284 posterior,

45 2285 118 2365 quia
137 2284 237 2366 implet
256 2286 439 2360 sententiam,
463 2286 520 2344 aori
540 2285 671 2359 dixisset,
696 2283 838 2362 Quamvis
863 2285 1075 2345 tumultuentur
1093 2289 1123 2342 ct
1142 2284 1187 2342 io·
1300 2332 1302 2343 .

45 2369 211 2426 tumescunt
234 2383 326 2444 aquae
350 2365 449 2439 mario,
474 2383 509 2424 ac
528 2363 654 2424 violento
678 2383 731 2424 suo
756 2367 865 2446 impetu
889 2370 999 2423 orontes
1019 2364 1097 2444 ipsos
1118 2381 1186 2423 con·

47 2446 176 2517 cutiam,
195 2444 269 2504 iuter
287 2443 435 2506 horribiles
454 2443 552 2504 turbae
570 2443 697 2504 hilariter
716 2451 745 2506 et
765 2444 875 2526 placido
895 2445 1022 2531 quicocct
1042 2439 1098 2502 Dei
1118 2443 1185 2502 ciri-

47 2531 109 2598 tae,
128 2524 239 2604 unguis
257 2523 326 2584 rivis
346 2530 489 2584 contenta.
529 2521 603 2582 Nem
644 2541 782 2584 nonomen
803 2523 954 2583 relativum
974 2539 1185 2601 supervacuum
1293 2551 1297 2568 ·

47 2610 95 2664 ert
117 2622 156 2664 ex
184 2604 329 2662 communi
359 2622 412 2664 usu
440 2603 553 2682 linguae
577 2545 742 2662 Helraicae.
788 2599 961 2682 Simpliciter
990 2601 1066 2660 enim
1092 2601 1185 2660 dicere

47 2683 145 2742 voluit
163 2679 222 2742 Pro
242 2681 323 2758 heta,
346 2689 445 2744 tcouee
470 2685 547 2742 rivos
570 2683 693 2742 fluminis
713 2689 826 2742 sunctae
847 2679 909 2740 urbi
929 2679 1043 2762 plenam
1063 2679 1185 2740 loetitiae

49 2763 197 2826 materiem
237 2768 349 2834 turae,
368 2763 393 2822 ai
412 2763 487 2824 loric
506 2765 651 2842 contingat
671 2767 762 2820 totum
782 2759 922 2820 muudum
942 2758 1094 2820 labascere.
1124 2757 1188 2819 leui

50 2842 246 2984 illidit
262 2841 646 3002 ttttttllttlttttt
666 2843 808 2980 “tilii
825 2839 1185 2999 ltltttictttittt
1211 2919 1213 2932 ·

651 2961 660 2994 l

50 3008 168 3062 voutam
191 3007 250 3075 est,
275 2999 403 3079 adeoque
427 3000 509 3062 inleri
535 3002 587 3080 ipsi
608 3000 740 3060 videntur
763 2999 853 3079 aperti
878 3003 911 3058 ut
930 3017 983 3056 nos
1002 2994 1184 3064 absorbeant.

50 3079 94 3141 lta
112 3080 193 3140 nobie
212 3079 372 3160 depingitur
395 3079 460 3140 lidei
480 3082 613 3156 victorie,
638 3087 737 3140 contra
762 3085 856 3138 totum
881 3077 1037 3149 mundum,
1061 3075 1110 3136 ubi
1129 3077 1183 3136 rci-

44 3161 118 3222 ticet
135 3179 152 3220 e
171 3159 256 3220 rebuo
275 3159 401 3220 conluuie
421 3161 462 3219 sic
481 3161 612 3240 emergit,
632 3166 665 3218 ut
684 3159 820 3218 creaturis
840 3155 972 3218 omnibus
991 3157 1111 3216 exitium
1130 3155 1181 3214 mi-

54 3239 220 3312 nitantibus,
240 3258 339 3302 omnes
358 3245 453 3300 tamen
473 3245 566 3300 metue
585 3245 708 3318 cuperet.
749 3237 813 3297 Non
834 3236 911 3318 quod
931 3235 1040 3312 rideant
1058 3236 1088 3296 in
1108 3236 1180 3318 peri-

52 3321 123 3380 culir
145 3317 196 3382 lilii
215 3315 286 3394 Dei,
310 3325 360 3379 ant
386 3321 482 3379 iocoso
506 3317 542 3378 do
564 3325 657 3378 morto
676 3319 815 3398 garriunt:
845 3317 895 3377 aed
919 3318 986 3396 quia
1009 3317 1182 3396 promiscum

52 3399 107 3460 cibi
123 3419 140 3459 a
154 3395 219 3458 Deo
238 3397 375 3458 auxilium
395 3398 484 3480 pluris
505 3399 662 3470 certiorari,
682 3417 769 3476 quam
788 3397 864 3457 mala
884 3397 979 3456 omnia
999 3413 1072 3475 qnae
1091 3390 1180 3456 terro·

52 3497 114 3538 rcm
135 3479 284 3538 incutiunt.
324 3475 471 3538 Praeclara
491 3477 603 3538 ridetur
621 3473 732 3537 lloratii
757 3475 895 3539 sententio
918 3475 954 3536 dc
973 3475 1036 3535 viro
1056 3476 1132 3536 iusto
1151 3481 1181 3535 ct

52 3557 103 3620 eibi
121 3559 226 3640 optimc
245 3557 368 3634 conscio,
1048 3582 1051 3588 ·
1263 3556 1267 3567 “

363 3667 399 3723 Si
415 3664 535 3740 sructura
554 3664 693 3724 uicturos·
712 3663 824 3740 ordia,‘

361 3743 548 3822 Impcuidum
557 3747 675 3824 ferient
695 3751 815 3804 minoe.-

53 3874 109 3936 Sed
126 3860 191 3956 quia
210 3893 357 3955 nunquam
377 3881 504 3954 repertos
527 3882 571 3934 eet
594 3873 643 3934 illc
667 3893 754 3954 quem
777 3873 817 3934 lio
837 3873 873 3947 Ἰ,
896 3871 967 3934 nihil
991 3871 1067 3932 aliud
1091 3889 1178 3952 quam

53 3963 177 4036 nugatur.
197 3954 275 4016 llaec
294 3956 382 4034 igitur
400 3955 487 4012 animi
507 3953 671 4034 magnitudo
691 3955 721 4013 in
742 3954 804 4014 eolo
855 3951 1040 4034 ciproeeidio
1060 3950 1178 4012 lundata
1294 4007 1297 4015 ,

54 4041 107 4108 cst,
129 4041 161 4094 ut
180 4054 247 4094 vcro
266 4035 371 4094 iactare
392 4039 497 4112 queant
517 4035 566 4112 qui
585 4031 753 4094 recumbunt
773 4035 803 4093 io
822 4031 934 4107 Deum,
957 4053 1015 4092 non
1040 4031 1127 4090 modo
1146 4049 1178 4091 aa

53 4111 1177 4254 ittttictttttttttttiltuitttttttitt‘tittmttt

54 4273 124 4345 uictu
143 4275 272 4354 moravis
292 4293 349 4332 non
370 4291 448 4331 mure
468 4271 582 4412 alipuod
602 4215 809 4332 tulnultuosum
828 4269 931 4331 habeat
950 4269 1029 4350 quod
1049 4275 1176 4350 opponat

53 4353 175 4416 fluctibus
188 4353 244 4414 illie
259 4369 332 4434 quoa
347 4351 452 4428 retulit,
471 4371 501 4412 oe
536 4357 650 4412 tenuem
664 4350 803 4412 duntaxat
818 4351 946 4423 fluvium,
966 4347 1066 4408 alludit
1079 4355 1175 4408 eutem
