<?xml version="1.0" encoding="UTF-8"?>
<!DOCTYPE html PUBLIC "-//W3C//DTD XHTML 1.0 Transitional//EN"
    "http://www.w3.org/TR/xhtml1/DTD/xhtml1-transitional.dtd">
<html xmlns="http://www.w3.org/1999/xhtml" xml:lang="en" lang="en">
 <head>
  <title>
</title>
<meta http-equiv="Content-Type" content="text/html;charset=utf-8" />
  <meta name='ocr-system' content='tesseract 3.04.00' />
  <meta name='ocr-capabilities' content='ocr_page ocr_carea ocr_par ocr_line ocrx_word'/>
</head>
<body>
  <div class='ocr_page' id='page_1' title='image "./ioanniscalvinii03tholgoog_0513.png"; bbox 0 0 2836 4886; ppageno 0'>
   <div class='ocr_carea' id='block_1_1' title="bbox 207 265 921 352">
    <p class='ocr_par' dir='ltr' id='par_1_1' title="bbox 207 265 921 352">
     <span class='ocr_line' id='line_1_1' title="bbox 207 265 921 352; baseline -0.001 -39"><span class='ocrx_word' id='word_1_1' title='bbox 207 267 260 326; x_wconf 72' lang='lat'><strong>475</strong></span> <span class='ocrx_word' id='word_1_2' title='bbox 501 333 509 352; x_wconf 64' lang='lat'><strong>„</strong></span> <span class='ocrx_word' id='word_1_3' title='bbox 631 265 921 313; x_wconf 78' lang='lat' dir='ltr'><strong>ncsuvrnur</strong></span> 
     </span>
    </p>
   </div>
   <div class='ocr_carea' id='block_1_2' title="bbox 150 395 1399 4074">
    <p class='ocr_par' dir='ltr' id='par_1_2' title="bbox 150 395 1399 4074">
     <span class='ocr_line' id='line_1_2' title="bbox 210 395 1386 476; baseline 0.005 -25"><span class='ocrx_word' id='word_1_4' title='bbox 210 415 277 476; x_wconf 56' lang='lat' dir='ltr'><strong>qno¹</strong></span> <span class='ocrx_word' id='word_1_5' title='bbox 292 395 337 455; x_wconf 80' lang='lat' dir='ltr'><strong>vel</strong></span> <span class='ocrx_word' id='word_1_6' title='bbox 356 395 495 475; x_wconf 80' lang='lat' dir='ltr'><strong>iniquius,</strong></span> <span class='ocrx_word' id='word_1_7' title='bbox 520 395 566 457; x_wconf 86' lang='lat' dir='ltr'><strong>vel</strong></span> <span class='ocrx_word' id='word_1_8' title='bbox 587 395 729 456; x_wconf 77' lang='lat' dir='ltr'><strong>enodatius</strong></span> <span class='ocrx_word' id='word_1_9' title='bbox 749 395 897 459; x_wconf 84' lang='lat' dir='ltr'><strong>uobiscum</strong></span> <span class='ocrx_word' id='word_1_10' title='bbox 918 402 1020 476; x_wconf 75' lang='lat' dir='ltr'><strong>agunt,</strong></span> <span class='ocrx_word' id='word_1_11' title='bbox 1045 415 1081 456; x_wconf 86' lang='lat' dir='ltr'><strong>eo</strong></span> <span class='ocrx_word' id='word_1_12' title='bbox 1102 395 1216 456; x_wconf 87' lang='lat' dir='ltr'><strong>certius</strong></span> <span class='ocrx_word' id='word_1_13' title='bbox 1237 401 1386 457; x_wconf 73' lang='lat' dir='ltr'><strong>stateem</strong></span> 
     </span>
     <span class='ocr_line' id='line_1_3' title="bbox 206 475 921 554; baseline -0.004 -19"><span class='ocrx_word' id='word_1_14' title='bbox 206 476 275 536; x_wconf 77' lang='lat' dir='ltr'><strong>boet</strong></span> <span class='ocrx_word' id='word_1_15' title='bbox 315 477 448 554; x_wconf 87' lang='lat' dir='ltr'><strong>rupitium</strong></span> <span class='ocrx_word' id='word_1_16' title='bbox 468 477 551 536; x_wconf 89' lang='lat' dir='ltr'><strong>uobis</strong></span> <span class='ocrx_word' id='word_1_17' title='bbox 571 475 666 536; x_wconf 85' lang='lat' dir='ltr'><strong>Deum</strong></span> <span class='ocrx_word' id='word_1_18' title='bbox 686 475 756 533; x_wconf 87' lang='lat' dir='ltr'><strong>lure.</strong></span> <span class='ocrx_word' id='word_1_19' title='bbox 919 481 921 488; x_wconf 84' lang='grc'><strong>“</strong></span> 
     </span>
     <span class='ocr_line' id='line_1_4' title="bbox 288 495 1382 638; baseline -0.005 -21"><span class='ocrx_word' id='word_1_20' title='bbox 288 495 315 617; x_wconf 75' lang='lat' dir='ltr'><strong>l.</strong></span> <span class='ocrx_word' id='word_1_21' title='bbox 338 561 489 630; x_wconf 73' lang='lat' dir='ltr'><strong>Quoniam</strong></span> <span class='ocrx_word' id='word_1_22' title='bbox 507 567 651 616; x_wconf 67' lang='lat' dir='ltr'><strong>omnum</strong></span> <span class='ocrx_word' id='word_1_23' title='bbox 671 563 757 638; x_wconf 76' lang='lat' dir='ltr'><strong>quasi</strong></span> <span class='ocrx_word' id='word_1_24' title='bbox 775 557 912 638; x_wconf 72' lang='lat' dir='ltr'><strong>gladium</strong></span> <span class='ocrx_word' id='word_1_25' title='bbox 933 558 1070 638; x_wconf 44' lang='lat' dir='ltr'><strong>lintgruans</strong></span> <span class='ocrx_word' id='word_1_26' title='bbox 1086 577 1185 615; x_wconf 66' lang='lat' dir='ltr'><strong>aunam</strong></span> <span class='ocrx_word' id='word_1_27' title='bbox 1214 551 1382 632; x_wconf 75' lang='lat' dir='ltr'><strong>Quamvis</strong></span> 
     </span>
     <span class='ocr_line' id='line_1_5' title="bbox 185 633 1380 718; baseline 0.001 -24"><span class='ocrx_word' id='word_1_28' title='bbox 185 633 238 694; x_wconf 70' lang='lat' dir='ltr'><strong>¹in</strong></span> <span class='ocrx_word' id='word_1_29' title='bbox 257 653 324 695; x_wconf 89' lang='lat' dir='ltr'><strong>cum</strong></span> <span class='ocrx_word' id='word_1_30' title='bbox 344 635 502 718; x_wconf 68' lang='lat' dir='ltr'><strong>capitaliter</strong></span> <span class='ocrx_word' id='word_1_31' title='bbox 521 639 662 694; x_wconf 74' lang='lat' dir='ltr'><strong>saevirent</strong></span> <span class='ocrx_word' id='word_1_32' title='bbox 687 634 798 710; x_wconf 85' lang='lat' dir='ltr'><strong>hostes,</strong></span> <span class='ocrx_word' id='word_1_33' title='bbox 826 655 927 695; x_wconf 81' lang='lat' dir='ltr'><strong>corum</strong></span> <span class='ocrx_word' id='word_1_34' title='bbox 953 643 1047 695; x_wconf 88' lang='lat' dir='ltr'><strong>tamen</strong></span> <span class='ocrx_word' id='word_1_35' title='bbox 1069 637 1265 696; x_wconf 82' lang='lat' dir='ltr'><strong>virulentiam</strong></span> <span class='ocrx_word' id='word_1_36' title='bbox 1291 657 1380 716; x_wconf 75' lang='lat' dir='ltr'><strong>prae</strong></span> 
     </span>
     <span class='ocr_line' id='line_1_6' title="bbox 208 713 1377 858; baseline 0 -84"><span class='ocrx_word' id='word_1_37' title='bbox 208 715 293 812; x_wconf 85' lang='lat' dir='ltr'><strong>cipue</strong></span> <span class='ocrx_word' id='word_1_38' title='bbox 313 721 449 854; x_wconf 45' lang='lat' dir='ltr'><strong>aucupant·</strong></span> <span class='ocrx_word' id='word_1_39' title='bbox 477 713 628 858; x_wconf 62' lang='lat' dir='ltr'><strong>Pupitpabilc</strong></span> <span class='ocrx_word' id='word_1_40' title='bbox 648 719 747 853; x_wconf 71' lang='lat' dir='ltr'><strong>pqtqm</strong></span> <span class='ocrx_word' id='word_1_41' title='bbox 767 721 811 812; x_wconf 69' lang='lat' dir='ltr'><strong>est</strong></span> <span class='ocrx_word' id='word_1_42' title='bbox 830 715 867 776; x_wconf 84' lang='lat' dir='ltr'><strong>de</strong></span> <span class='ocrx_word' id='word_1_43' title='bbox 886 714 964 854; x_wconf 53' lang='lat' dir='ltr'><strong>lpttsis</strong></span> <span class='ocrx_word' id='word_1_44' title='bbox 984 713 1173 856; x_wconf 63' lang='lat' dir='ltr'><strong>delatiouqbqqs</strong></span> <span class='ocrx_word' id='word_1_45' title='bbox 1195 721 1231 775; x_wconf 86' lang='lat' dir='ltr'><strong>et</strong></span> <span class='ocrx_word' id='word_1_46' title='bbox 1254 717 1377 776; x_wconf 79' lang='lat' dir='ltr'><strong>calum</strong></span> 
     </span>
     <span class='ocr_line' id='line_1_7' title="bbox 206 813 1376 856; baseline -0.001 0"><span class='ocrx_word' id='word_1_47' title='bbox 206 813 349 856; x_wconf 84' lang='lat' dir='ltr'><strong>nuscum</strong></span> <span class='ocrx_word' id='word_1_48' title='bbox 380 815 449 856; x_wconf 85' lang='lat' dir='ltr'><strong>om</strong></span> <span class='ocrx_word' id='word_1_49' title='bbox 559 813 709 856; x_wconf 78' lang='lat' dir='ltr'><strong>mseras</strong></span> <span class='ocrx_word' id='word_1_50' title='bbox 747 813 807 854; x_wconf 84' lang='lat' dir='ltr'><strong>aes</strong></span> <span class='ocrx_word' id='word_1_51' title='bbox 868 815 939 854; x_wconf 89' lang='lat' dir='ltr'><strong>eno</strong></span> <span class='ocrx_word' id='word_1_52' title='bbox 978 813 1140 856; x_wconf 83' lang='lat' dir='ltr'><strong>ravano</strong></span> <span class='ocrx_word' id='word_1_53' title='bbox 1208 814 1228 856; x_wconf 89' lang='lat' dir='ltr'><strong>e</strong></span> <span class='ocrx_word' id='word_1_54' title='bbox 1361 817 1376 855; x_wconf 88' lang='lat' dir='ltr'><strong>c</strong></span> 
     </span>
     <span class='ocr_line' id='line_1_8' title="bbox 208 795 1375 958; baseline -0.001 -22"><span class='ocrx_word' id='word_1_55' title='bbox 208 871 290 936; x_wconf 81' lang='lat' dir='ltr'><strong>reddi</strong></span> <span class='ocrx_word' id='word_1_56' title='bbox 309 815 443 936; x_wconf 79' lang='lat' dir='ltr'><strong>iuvisu¹du</strong></span> <span class='ocrx_word' id='word_1_57' title='bbox 455 815 707 958; x_wconf 71' lang='lat' dir='ltr'><strong>¹Cdmparatergu</strong></span> <span class='ocrx_word' id='word_1_58' title='bbox 725 813 1090 958; x_wconf 63' lang='lat' dir='ltr'><strong>liuguddubommggladiisi</strong></span> <span class='ocrx_word' id='word_1_59' title='bbox 1109 795 1375 935; x_wconf 51' lang='lat' dir='ltr'><strong>mffimppffi</strong></span> 
     </span>
     <span class='ocr_line' id='line_1_9' title="bbox 208 951 1374 1036; baseline -0.002 -20"><span class='ocrx_word' id='word_1_60' title='bbox 208 954 356 1016; x_wconf 89' lang='lat' dir='ltr'><strong>ruleutum</strong></span> <span class='ocrx_word' id='word_1_61' title='bbox 379 973 540 1016; x_wconf 86' lang='lat' dir='ltr'><strong>sermonem</strong></span> <span class='ocrx_word' id='word_1_62' title='bbox 564 953 681 1034; x_wconf 73' lang='lat' dir='ltr'><strong>sagittis.</strong></span> <span class='ocrx_word' id='word_1_63' title='bbox 721 951 769 1013; x_wconf 84' lang='lat' dir='ltr'><strong>Ex</strong></span> <span class='ocrx_word' id='word_1_64' title='bbox 794 952 927 1036; x_wconf 84' lang='lat' dir='ltr'><strong>opposito</strong></span> <span class='ocrx_word' id='word_1_65' title='bbox 946 973 1029 1015; x_wconf 84' lang='lat' dir='ltr'><strong>suam</strong></span> <span class='ocrx_word' id='word_1_66' title='bbox 1048 953 1227 1035; x_wconf 77' lang='lat' dir='ltr'><strong>probitatem</strong></span> <span class='ocrx_word' id='word_1_67' title='bbox 1247 957 1374 1030; x_wconf 75' lang='lat' dir='ltr'><strong>asserit</strong></span> 
     </span>
     <span class='ocr_line' id='line_1_10' title="bbox 207 1032 1373 1132; baseline -0.001 -37"><span class='ocrx_word' id='word_1_68' title='bbox 207 1054 261 1096; x_wconf 92' lang='lat' dir='ltr'><strong>eos</strong></span> <span class='ocrx_word' id='word_1_69' title='bbox 281 1035 397 1094; x_wconf 90' lang='lat' dir='ltr'><strong>iaculari</strong></span> <span class='ocrx_word' id='word_1_70' title='bbox 418 1035 514 1095; x_wconf 84' lang='lat' dir='ltr'><strong>diceus</strong></span> <span class='ocrx_word' id='word_1_71' title='bbox 534 1041 632 1094; x_wconf 83' lang='lat' dir='ltr'><strong>contre</strong></span> <span class='ocrx_word' id='word_1_72' title='bbox 652 1033 797 1094; x_wconf 92' lang='lat' dir='ltr'><strong>bominem</strong></span> <span class='ocrx_word' id='word_1_73' title='bbox 816 1039 926 1130; x_wconf 78' lang='lat' dir='ltr'><strong>motum</strong></span> <span class='ocrx_word' id='word_1_74' title='bbox 946 1041 976 1096; x_wconf 86' lang='lat' dir='ltr'><strong>el</strong></span> <span class='ocrx_word' id='word_1_75' title='bbox 995 1035 1154 1132; x_wconf 81' lang='lat' dir='ltr'><strong>iquoxium.</strong></span> <span class='ocrx_word' id='word_1_76' title='bbox 1179 1032 1251 1096; x_wconf 85' lang='lat' dir='ltr'><strong>Hac</strong></span> <span class='ocrx_word' id='word_1_77' title='bbox 1275 1037 1373 1115; x_wconf 79' lang='lat' dir='ltr'><strong>igitar</strong></span> 
     </span>
     <span class='ocr_line' id='line_1_11' title="bbox 206 1111 1369 1277; baseline 0 -23"><span class='ocrx_word' id='word_1_78' title='bbox 206 1115 383 1277; x_wconf 63' lang='lat' dir='ltr'><strong>tottii</strong></span> <span class='ocrx_word' id='word_1_79' title='bbox 403 1113 564 1274; x_wconf 66' lang='lat' dir='ltr'><strong>tutti</strong></span> <span class='ocrx_word' id='word_1_80' title='bbox 589 1119 739 1276; x_wconf 66' lang='lat' dir='ltr'><strong>”tlt</strong></span> <span class='ocrx_word' id='word_1_81' title='bbox 759 1111 938 1256; x_wconf 71' lang='lat' dir='ltr'><strong>tttttt</strong></span> <span class='ocrx_word' id='word_1_82' title='bbox 951 1113 1369 1276; x_wconf 61' lang='lat' dir='ltr'><strong>”ttttttP-tptttt</strong></span> 
     </span>
     <span class='ocr_line' id='line_1_12' title="bbox 206 1269 1366 1355; baseline 0.002 -23"><span class='ocrx_word' id='word_1_83' title='bbox 206 1271 267 1334; x_wconf 89' lang='lat' dir='ltr'><strong>Iam</strong></span> <span class='ocrx_word' id='word_1_84' title='bbox 288 1293 338 1334; x_wconf 89' lang='lat' dir='ltr'><strong>cos</strong></span> <span class='ocrx_word' id='word_1_85' title='bbox 357 1272 433 1334; x_wconf 86' lang='lat' dir='ltr'><strong>clam</strong></span> <span class='ocrx_word' id='word_1_86' title='bbox 452 1279 481 1334; x_wconf 88' lang='lat' dir='ltr'><strong>et</strong></span> <span class='ocrx_word' id='word_1_87' title='bbox 500 1273 530 1332; x_wconf 92' lang='lat' dir='ltr'><strong>iu</strong></span> <span class='ocrx_word' id='word_1_88' title='bbox 551 1273 664 1334; x_wconf 89' lang='lat' dir='ltr'><strong>occulto</strong></span> <span class='ocrx_word' id='word_1_89' title='bbox 684 1269 811 1348; x_wconf 76' lang='lat' dir='ltr'><strong>inemori,</strong></span> <span class='ocrx_word' id='word_1_90' title='bbox 837 1273 951 1354; x_wconf 85' lang='lat' dir='ltr'><strong>telaque</strong></span> <span class='ocrx_word' id='word_1_91' title='bbox 972 1281 1088 1355; x_wconf 84' lang='lat' dir='ltr'><strong>repente</strong></span> <span class='ocrx_word' id='word_1_92' title='bbox 1107 1272 1227 1336; x_wconf 82' lang='lat' dir='ltr'><strong>vibrare</strong></span> <span class='ocrx_word' id='word_1_93' title='bbox 1248 1273 1366 1350; x_wconf 79' lang='lat' dir='ltr'><strong>diceus,</strong></span> 
     </span>
     <span class='ocr_line' id='line_1_13' title="bbox 205 1352 1365 1436; baseline 0.001 -23"><span class='ocrx_word' id='word_1_94' title='bbox 205 1353 347 1435; x_wconf 77' lang='lat' dir='ltr'><strong>siguificat</strong></span> <span class='ocrx_word' id='word_1_95' title='bbox 370 1373 420 1413; x_wconf 85' lang='lat' dir='ltr'><strong>eos</strong></span> <span class='ocrx_word' id='word_1_96' title='bbox 444 1352 594 1436; x_wconf 72' lang='lat' dir='ltr'><strong>multiplici</strong></span> <span class='ocrx_word' id='word_1_97' title='bbox 619 1355 723 1414; x_wconf 88' lang='lat' dir='ltr'><strong>astulia</strong></span> <span class='ocrx_word' id='word_1_98' title='bbox 747 1353 869 1436; x_wconf 84' lang='lat' dir='ltr'><strong>pollere:</strong></span> <span class='ocrx_word' id='word_1_99' title='bbox 900 1373 954 1416; x_wconf 86' lang='lat' dir='ltr'><strong>uec</strong></span> <span class='ocrx_word' id='word_1_100' title='bbox 982 1353 1070 1416; x_wconf 89' lang='lat' dir='ltr'><strong>modo</strong></span> <span class='ocrx_word' id='word_1_101' title='bbox 1094 1355 1198 1416; x_wconf 75' lang='lat' dir='ltr'><strong>uentu</strong></span> <span class='ocrx_word' id='word_1_102' title='bbox 1227 1355 1365 1416; x_wconf 83' lang='lat' dir='ltr'><strong>intentos</strong></span> 
     </span>
     <span class='ocr_line' id='line_1_14' title="bbox 204 1433 1365 1516; baseline 0 -22"><span class='ocrx_word' id='word_1_103' title='bbox 204 1451 269 1494; x_wconf 83' lang='lat' dir='ltr'><strong>case</strong></span> <span class='ocrx_word' id='word_1_104' title='bbox 287 1433 324 1493; x_wconf 87' lang='lat' dir='ltr'><strong>ad</strong></span> <span class='ocrx_word' id='word_1_105' title='bbox 344 1433 520 1508; x_wconf 84' lang='lat' dir='ltr'><strong>nocendum,</strong></span> <span class='ocrx_word' id='word_1_106' title='bbox 544 1433 703 1514; x_wconf 84' lang='lat' dir='ltr'><strong>seduloque</strong></span> <span class='ocrx_word' id='word_1_107' title='bbox 723 1433 855 1514; x_wconf 66' lang='lat' dir='ltr'><strong>ulpiam,</strong></span> <span class='ocrx_word' id='word_1_108' title='bbox 873 1433 924 1494; x_wconf 89' lang='lat' dir='ltr'><strong>sed</strong></span> <span class='ocrx_word' id='word_1_109' title='bbox 943 1435 1030 1497; x_wconf 87' lang='lat' dir='ltr'><strong>etiam</strong></span> <span class='ocrx_word' id='word_1_110' title='bbox 1047 1435 1213 1516; x_wconf 73' lang='lat' dir='ltr'><strong>ingeniosos</strong></span> <span class='ocrx_word' id='word_1_111' title='bbox 1236 1455 1312 1498; x_wconf 85' lang='lat' dir='ltr'><strong>esac</strong></span> <span class='ocrx_word' id='word_1_112' title='bbox 1333 1455 1365 1494; x_wconf 86' lang='lat' dir='ltr'><strong>ac</strong></span> 
     </span>
     <span class='ocr_line' id='line_1_15' title="bbox 202 1511 1362 1612; baseline 0.002 -40"><span class='ocrx_word' id='word_1_113' title='bbox 202 1513 332 1588; x_wconf 84' lang='lat' dir='ltr'><strong>sotertes,</strong></span> <span class='ocrx_word' id='word_1_114' title='bbox 353 1520 385 1573; x_wconf 86' lang='lat' dir='ltr'><strong>ut</strong></span> <span class='ocrx_word' id='word_1_115' title='bbox 405 1513 489 1572; x_wconf 71' lang='lat' dir='ltr'><strong>duur</strong></span> <span class='ocrx_word' id='word_1_116' title='bbox 508 1513 704 1582; x_wconf 74' lang='lat' dir='ltr'><strong>transfodiant,</strong></span> <span class='ocrx_word' id='word_1_117' title='bbox 717 1519 816 1594; x_wconf 84' lang='lat' dir='ltr'><strong>pectus</strong></span> <span class='ocrx_word' id='word_1_118' title='bbox 831 1513 935 1574; x_wconf 87' lang='lat' dir='ltr'><strong>incauti</strong></span> <span class='ocrx_word' id='word_1_119' title='bbox 950 1511 1083 1589; x_wconf 84' lang='lat' dir='ltr'><strong>bominis,</strong></span> <span class='ocrx_word' id='word_1_120' title='bbox 1102 1533 1190 1594; x_wconf 79' lang='lat' dir='ltr'><strong>qoam</strong></span> <span class='ocrx_word' id='word_1_121' title='bbox 1207 1515 1362 1612; x_wconf 81' lang='lat' dir='ltr'><strong>suspicari</strong></span> 
     </span>
     <span class='ocr_line' id='line_1_16' title="bbox 203 1591 1369 1678; baseline 0.008 -27"><span class='ocrx_word' id='word_1_122' title='bbox 203 1597 291 1672; x_wconf 73' lang='lat' dir='ltr'><strong>quem</strong></span> <span class='ocrx_word' id='word_1_123' title='bbox 308 1591 364 1652; x_wconf 86' lang='lat' dir='ltr'><strong>sibi</strong></span> <span class='ocrx_word' id='word_1_124' title='bbox 383 1593 538 1674; x_wconf 89' lang='lat' dir='ltr'><strong>quicquam</strong></span> <span class='ocrx_word' id='word_1_125' title='bbox 562 1593 634 1654; x_wconf 87' lang='lat' dir='ltr'><strong>mali</strong></span> <span class='ocrx_word' id='word_1_126' title='bbox 655 1593 770 1654; x_wconf 66' lang='lat' dir='ltr'><strong>inaure.</strong></span> <span class='ocrx_word' id='word_1_127' title='bbox 812 1591 904 1654; x_wconf 87' lang='lat' dir='ltr'><strong>Porro</strong></span> <span class='ocrx_word' id='word_1_128' title='bbox 929 1611 1020 1678; x_wconf 87' lang='lat' dir='ltr'><strong>quum</strong></span> <span class='ocrx_word' id='word_1_129' title='bbox 1042 1593 1173 1654; x_wconf 85' lang='lat' dir='ltr'><strong>audimus</strong></span> <span class='ocrx_word' id='word_1_130' title='bbox 1192 1592 1369 1668; x_wconf 71' lang='lat' dir='ltr'><strong>Davidem.</strong></span> 
     </span>
     <span class='ocr_line' id='line_1_17' title="bbox 204 1673 1360 1754; baseline 0.003 -22"><span class='ocrx_word' id='word_1_131' title='bbox 204 1673 255 1752; x_wconf 91' lang='lat' dir='ltr'><strong>qui</strong></span> <span class='ocrx_word' id='word_1_132' title='bbox 275 1678 335 1734; x_wconf 84' lang='lat' dir='ltr'><strong>tam</strong></span> <span class='ocrx_word' id='word_1_133' title='bbox 354 1679 451 1734; x_wconf 86' lang='lat' dir='ltr'><strong>sancte</strong></span> <span class='ocrx_word' id='word_1_134' title='bbox 470 1690 506 1732; x_wconf 88' lang='lat' dir='ltr'><strong>ac</strong></span> <span class='ocrx_word' id='word_1_135' title='bbox 525 1693 596 1754; x_wconf 89' lang='lat' dir='ltr'><strong>pure</strong></span> <span class='ocrx_word' id='word_1_136' title='bbox 614 1674 752 1734; x_wconf 82' lang='lat' dir='ltr'><strong>iustitiam</strong></span> <span class='ocrx_word' id='word_1_137' title='bbox 771 1673 907 1748; x_wconf 80' lang='lat' dir='ltr'><strong>coluerat,</strong></span> <span class='ocrx_word' id='word_1_138' title='bbox 928 1673 1016 1734; x_wconf 77' lang='lat' dir='ltr'><strong>lubsc</strong></span> <span class='ocrx_word' id='word_1_139' title='bbox 1034 1679 1140 1736; x_wconf 73' lang='lat' dir='ltr'><strong>tamm</strong></span> <span class='ocrx_word' id='word_1_140' title='bbox 1151 1674 1283 1736; x_wconf 80' lang='lat' dir='ltr'><strong>sinistris</strong></span> <span class='ocrx_word' id='word_1_141' title='bbox 1306 1677 1360 1736; x_wconf 81' lang='lat' dir='ltr'><strong>cri-</strong></span> 
     </span>
     <span class='ocr_line' id='line_1_18' title="bbox 203 1749 1358 1836; baseline 0.003 -24"><span class='ocrx_word' id='word_1_142' title='bbox 203 1751 406 1813; x_wconf 85' lang='lat' dir='ltr'><strong>minationibus</strong></span> <span class='ocrx_word' id='word_1_143' title='bbox 427 1749 599 1816; x_wconf 82' lang='lat' dir='ltr'><strong>obnoxium:</strong></span> <span class='ocrx_word' id='word_1_144' title='bbox 624 1771 662 1813; x_wconf 87' lang='lat' dir='ltr'><strong>ua</strong></span> <span class='ocrx_word' id='word_1_145' title='bbox 680 1751 818 1813; x_wconf 87' lang='lat' dir='ltr'><strong>miremur</strong></span> <span class='ocrx_word' id='word_1_146' title='bbox 837 1753 862 1812; x_wconf 88' lang='lat' dir='ltr'><strong>si</strong></span> <span class='ocrx_word' id='word_1_147' title='bbox 881 1753 996 1834; x_wconf 88' lang='lat' dir='ltr'><strong>quaudo</strong></span> <span class='ocrx_word' id='word_1_148' title='bbox 1015 1751 1098 1820; x_wconf 84' lang='lat' dir='ltr'><strong>Deus</strong></span> <span class='ocrx_word' id='word_1_149' title='bbox 1116 1773 1171 1814; x_wconf 91' lang='lat' dir='ltr'><strong>uos</strong></span> <span class='ocrx_word' id='word_1_150' title='bbox 1191 1755 1247 1834; x_wconf 90' lang='lat' dir='ltr'><strong>qui</strong></span> <span class='ocrx_word' id='word_1_151' title='bbox 1267 1754 1358 1836; x_wconf 76' lang='lat' dir='ltr'><strong>louge</strong></span> 
     </span>
     <span class='ocr_line' id='line_1_19' title="bbox 203 1827 1399 1918; baseline 0.003 -27"><span class='ocrx_word' id='word_1_152' title='bbox 203 1835 230 1891; x_wconf 63' lang='lat' dir='ltr'><strong>a*</strong></span> <span class='ocrx_word' id='word_1_153' title='bbox 247 1831 367 1892; x_wconf 86' lang='lat' dir='ltr'><strong>Davidis</strong></span> <span class='ocrx_word' id='word_1_154' title='bbox 392 1831 553 1912; x_wconf 79' lang='lat' dir='ltr'><strong>integritate</strong></span> <span class='ocrx_word' id='word_1_155' title='bbox 581 1827 732 1906; x_wconf 85' lang='lat' dir='ltr'><strong>absumus,</strong></span> <span class='ocrx_word' id='word_1_156' title='bbox 763 1833 848 1892; x_wconf 87' lang='lat' dir='ltr'><strong>simili</strong></span> <span class='ocrx_word' id='word_1_157' title='bbox 877 1834 1041 1894; x_wconf 82' lang='lat' dir='ltr'><strong>tentationis</strong></span> <span class='ocrx_word' id='word_1_158' title='bbox 1069 1853 1173 1915; x_wconf 79' lang='lat' dir='ltr'><strong>genere</strong></span> <span class='ocrx_word' id='word_1_159' title='bbox 1201 1843 1355 1896; x_wconf 83' lang='lat' dir='ltr'><strong>exerceat</strong></span> <span class='ocrx_word' id='word_1_160' title='bbox 1398 1829 1399 1918; x_wconf 85' lang='lat'>¹</span> 
     </span>
     <span class='ocr_line' id='line_1_20' title="bbox 203 1909 1355 1994; baseline 0.003 -22"><span class='ocrx_word' id='word_1_161' title='bbox 203 1909 349 1972; x_wconf 81' lang='lat' dir='ltr'><strong>timuero</strong></span> <span class='ocrx_word' id='word_1_162' title='bbox 369 1912 487 1973; x_wconf 88' lang='lat' dir='ltr'><strong>unicum</strong></span> <span class='ocrx_word' id='word_1_163' title='bbox 500 1913 555 1972; x_wconf 83' lang='lat' dir='ltr'><strong>crit</strong></span> <span class='ocrx_word' id='word_1_164' title='bbox 569 1911 712 1987; x_wconf 83' lang='lat' dir='ltr'><strong>solatium,</strong></span> <span class='ocrx_word' id='word_1_165' title='bbox 732 1911 768 1973; x_wconf 85' lang='lat' dir='ltr'><strong>ad</strong></span> <span class='ocrx_word' id='word_1_166' title='bbox 779 1911 875 1981; x_wconf 82' lang='lat' dir='ltr'><strong>Dmm</strong></span> <span class='ocrx_word' id='word_1_167' title='bbox 895 1913 1059 1994; x_wconf 79' lang='lat' dir='ltr'><strong>coniugem,</strong></span> <span class='ocrx_word' id='word_1_168' title='bbox 1077 1920 1111 1974; x_wconf 88' lang='lat' dir='ltr'><strong>ut</strong></span> <span class='ocrx_word' id='word_1_169' title='bbox 1129 1913 1225 1974; x_wconf 83' lang='lat' dir='ltr'><strong>bonae</strong></span> <span class='ocrx_word' id='word_1_170' title='bbox 1246 1933 1355 1977; x_wconf 83' lang='lat' dir='ltr'><strong>causae</strong></span> 
     </span>
     <span class='ocr_line' id='line_1_21' title="bbox 200 1990 1354 2132; baseline 0.003 -80"><span class='ocrx_word' id='word_1_171' title='bbox 200 1993 397 2132; x_wconf 68' lang='lat' dir='ltr'><strong>pouociuium</strong></span> <span class='ocrx_word' id='word_1_172' title='bbox 416 1993 559 2073; x_wconf 81' lang='lat' dir='ltr'><strong>amcipiat.</strong></span> <span class='ocrx_word' id='word_1_173' title='bbox 580 1990 718 2072; x_wconf 69' lang='lat' dir='ltr'><strong>Adiungit</strong></span> <span class='ocrx_word' id='word_1_174' title='bbox 736 1992 822 2054; x_wconf 86' lang='lat' dir='ltr'><strong>aliam</strong></span> <span class='ocrx_word' id='word_1_175' title='bbox 841 1993 1092 2072; x_wconf 69' lang='lat' dir='ltr'><strong>circumstantiam,</strong></span> <span class='ocrx_word' id='word_1_176' title='bbox 1109 1991 1191 2074; x_wconf 84' lang='lat' dir='ltr'><strong>quod</strong></span> <span class='ocrx_word' id='word_1_177' title='bbox 1210 1995 1279 2056; x_wconf 80' lang='lat' dir='ltr'><strong>siue</strong></span> <span class='ocrx_word' id='word_1_178' title='bbox 1300 2017 1354 2076; x_wconf 87' lang='lat' dir='ltr'><strong>pu·</strong></span> 
     </span>
     <span class='ocr_line' id='line_1_22' title="bbox 227 2071 1350 2156; baseline 0.004 -24"><span class='ocrx_word' id='word_1_179' title='bbox 227 2091 277 2132; x_wconf 78' lang='lat' dir='ltr'><strong>ore</strong></span> <span class='ocrx_word' id='word_1_180' title='bbox 295 2077 325 2132; x_wconf 90' lang='lat' dir='ltr'><strong>et</strong></span> <span class='ocrx_word' id='word_1_181' title='bbox 343 2078 423 2134; x_wconf 88' lang='lat' dir='ltr'><strong>metu</strong></span> <span class='ocrx_word' id='word_1_182' title='bbox 441 2080 573 2156; x_wconf 73' lang='lat' dir='ltr'><strong>sagittus</strong></span> <span class='ocrx_word' id='word_1_183' title='bbox 591 2095 699 2134; x_wconf 79' lang='lat' dir='ltr'><strong>ameno</strong></span> <span class='ocrx_word' id='word_1_184' title='bbox 719 2075 812 2134; x_wconf 74' lang='lat' dir='ltr'><strong>illitos</strong></span> <span class='ocrx_word' id='word_1_185' title='bbox 830 2095 868 2134; x_wconf 80' lang='lat' dir='ltr'><strong>ex</strong></span> <span class='ocrx_word' id='word_1_186' title='bbox 882 2095 933 2135; x_wconf 81' lang='lat' dir='ltr'><strong>ore</strong></span> <span class='ocrx_word' id='word_1_187' title='bbox 946 2096 1001 2136; x_wconf 80' lang='lat' dir='ltr'><strong>ano</strong></span> <span class='ocrx_word' id='word_1_188' title='bbox 1015 2073 1134 2136; x_wconf 75' lang='lat' dir='ltr'><strong>ntmu.</strong></span> <span class='ocrx_word' id='word_1_189' title='bbox 1154 2071 1235 2134; x_wconf 84' lang='lat' dir='ltr'><strong>Talis</strong></span> <span class='ocrx_word' id='word_1_190' title='bbox 1251 2083 1350 2136; x_wconf 73' lang='lat' dir='ltr'><strong>auton</strong></span> 
     </span>
     <span class='ocr_line' id='line_1_23' title="bbox 204 2149 1348 2250; baseline 0.005 -40"><span class='ocrx_word' id='word_1_191' title='bbox 204 2153 356 2227; x_wconf 83' lang='lat' dir='ltr'><strong>securitas,</strong></span> <span class='ocrx_word' id='word_1_192' title='bbox 379 2151 509 2250; x_wconf 83' lang='lat' dir='ltr'><strong>perditae</strong></span> <span class='ocrx_word' id='word_1_193' title='bbox 532 2149 666 2212; x_wconf 87' lang='lat' dir='ltr'><strong>audaciae</strong></span> <span class='ocrx_word' id='word_1_194' title='bbox 690 2153 802 2233; x_wconf 80' lang='lat' dir='ltr'><strong>siguum</strong></span> <span class='ocrx_word' id='word_1_195' title='bbox 822 2159 881 2228; x_wconf 80' lang='lat' dir='ltr'><strong>est,</strong></span> <span class='ocrx_word' id='word_1_196' title='bbox 906 2151 954 2212; x_wconf 91' lang='lat' dir='ltr'><strong>ubi</strong></span> <span class='ocrx_word' id='word_1_197' title='bbox 978 2155 987 2212; x_wconf 91' lang='lat' dir='ltr'><strong>i</strong></span> <span class='ocrx_word' id='word_1_198' title='bbox 1038 2151 1099 2213; x_wconf 89' lang='lat' dir='ltr'><strong>rubi</strong></span> <span class='ocrx_word' id='word_1_199' title='bbox 1118 2154 1225 2216; x_wconf 86' lang='lat' dir='ltr'><strong>centies</strong></span> <span class='ocrx_word' id='word_1_200' title='bbox 1247 2153 1348 2237; x_wconf 85' lang='lat' dir='ltr'><strong>depre-</strong></span> 
     </span>
     <span class='ocr_line' id='line_1_24' title="bbox 196 2229 1346 2313; baseline 0.003 -21"><span class='ocrx_word' id='word_1_201' title='bbox 196 2229 301 2306; x_wconf 79' lang='lat' dir='ltr'><strong>bcuri,</strong></span> <span class='ocrx_word' id='word_1_202' title='bbox 315 2231 462 2298; x_wconf 73' lang='lat' dir='ltr'><strong>obstinate</strong></span> <span class='ocrx_word' id='word_1_203' title='bbox 479 2237 577 2292; x_wconf 85' lang='lat' dir='ltr'><strong>tamen</strong></span> <span class='ocrx_word' id='word_1_204' title='bbox 597 2239 734 2313; x_wconf 73' lang='lat' dir='ltr'><strong>perguutc</strong></span> <span class='ocrx_word' id='word_1_205' title='bbox 758 2231 825 2312; x_wconf 87' lang='lat' dir='ltr'><strong>quia</strong></span> <span class='ocrx_word' id='word_1_206' title='bbox 844 2251 899 2293; x_wconf 88' lang='lat' dir='ltr'><strong>uec</strong></span> <span class='ocrx_word' id='word_1_207' title='bbox 918 2233 995 2294; x_wconf 81' lang='lat' dir='ltr'><strong>ullus</strong></span> <span class='ocrx_word' id='word_1_208' title='bbox 1062 2236 1069 2252; x_wconf 90' lang='lat'>&#39;</span> <span class='ocrx_word' id='word_1_209' title='bbox 1089 2240 1199 2309; x_wconf 81' lang='lat' dir='ltr'><strong>matus,</strong></span> <span class='ocrx_word' id='word_1_210' title='bbox 1217 2251 1278 2296; x_wconf 86' lang='lat' dir='ltr'><strong>nec</strong></span> <span class='ocrx_word' id='word_1_211' title='bbox 1296 2235 1346 2296; x_wconf 87' lang='lat' dir='ltr'><strong>bo·</strong></span> 
     </span>
     <span class='ocr_line' id='line_1_25' title="bbox 201 2310 1344 2396; baseline 0.003 -24"><span class='ocrx_word' id='word_1_212' title='bbox 201 2311 313 2372; x_wconf 84' lang='lat' dir='ltr'><strong>minum</strong></span> <span class='ocrx_word' id='word_1_213' title='bbox 332 2310 505 2374; x_wconf 84' lang='lat' dir='ltr'><strong>verecundia</strong></span> <span class='ocrx_word' id='word_1_214' title='bbox 529 2329 580 2374; x_wconf 89' lang='lat' dir='ltr'><strong>eos</strong></span> <span class='ocrx_word' id='word_1_215' title='bbox 604 2313 708 2378; x_wconf 82' lang='lat' dir='ltr'><strong>ratioet</strong></span> <span class='ocrx_word' id='word_1_216' title='bbox 731 2313 802 2393; x_wconf 79' lang='lat' dir='ltr'><strong>quio</strong></span> <span class='ocrx_word' id='word_1_217' title='bbox 825 2330 857 2374; x_wconf 92' lang='lat' dir='ltr'><strong>sc</strong></span> <span class='ocrx_word' id='word_1_218' title='bbox 881 2312 1049 2394; x_wconf 73' lang='lat' dir='ltr'><strong>gladiatorio</strong></span> <span class='ocrx_word' id='word_1_219' title='bbox 1071 2318 1101 2374; x_wconf 91' lang='lat' dir='ltr'><strong>et</strong></span> <span class='ocrx_word' id='word_1_220' title='bbox 1120 2313 1276 2396; x_wconf 77' lang='lat' dir='ltr'><strong>desperem</strong></span> <span class='ocrx_word' id='word_1_221' title='bbox 1294 2316 1344 2376; x_wconf 86' lang='lat' dir='ltr'><strong>iur-</strong></span> 
     </span>
     <span class='ocr_line' id='line_1_26' title="bbox 196 2392 1249 2474; baseline 0.002 -22"><span class='ocrx_word' id='word_1_222' title='bbox 196 2398 268 2474; x_wconf 87' lang='lat' dir='ltr'><strong>petu</strong></span> <span class='ocrx_word' id='word_1_223' title='bbox 306 2392 445 2452; x_wconf 85' lang='lat' dir='ltr'><strong>roliciaut.</strong></span> <span class='ocrx_word' id='word_1_224' title='bbox 1248 2435 1249 2442; x_wconf 22' lang='grc' dir='ltr'><strong>κ</strong></span> 
     </span>
     <span class='ocr_line' id='line_1_27' title="bbox 280 2413 1399 2570; baseline 0.002 -36"><span class='ocrx_word' id='word_1_225' title='bbox 280 2413 308 2534; x_wconf 61' lang='grc' dir='ltr'><strong>ἕ.</strong></span> <span class='ocrx_word' id='word_1_226' title='bbox 341 2473 509 2552; x_wconf 78' lang='lat' dir='ltr'><strong>Odfirmnnt</strong></span> <span class='ocrx_word' id='word_1_227' title='bbox 526 2473 721 2554; x_wconf 74' lang='lat' dir='ltr'><strong>aidi‘sncinua</strong></span> <span class='ocrx_word' id='word_1_228' title='bbox 741 2481 879 2570; x_wconf 78' lang='lat' dir='ltr'><strong>impium:</strong></span> <span class='ocrx_word' id='word_1_229' title='bbox 906 2494 1081 2549; x_wconf 73' lang='lat' dir='ltr'><strong>murteta,</strong></span> <span class='ocrx_word' id='word_1_230' title='bbox 1105 2480 1165 2536; x_wconf 84' lang='lat' dir='ltr'><strong>etc·&#39;</strong></span> <span class='ocrx_word' id='word_1_231' title='bbox 1193 2469 1289 2536; x_wconf 80' lang='lat' dir='ltr'><strong>&#39;Nunc</strong></span> <span class='ocrx_word' id='word_1_232' title='bbox 1308 2473 1342 2536; x_wconf 80' lang='lat' dir='ltr'><strong>de</strong></span> <span class='ocrx_word' id='word_1_233' title='bbox 1398 2551 1399 2554; x_wconf 7' lang='grc' dir='ltr'><strong>Ἴ</strong></span> 
     </span>
     <span class='ocr_line' id='line_1_28' title="bbox 238 2551 1399 2650; baseline 0.003 -38"><span class='ocrx_word' id='word_1_234' title='bbox 238 2551 354 2612; x_wconf 81' lang='lat' dir='ltr'><strong>rtiomia</strong></span> <span class='ocrx_word' id='word_1_235' title='bbox 374 2560 405 2614; x_wconf 90' lang='lat' dir='ltr'><strong>et</strong></span> <span class='ocrx_word' id='word_1_236' title='bbox 423 2551 566 2613; x_wconf 84' lang='lat' dir='ltr'><strong>sceleratis</strong></span> <span class='ocrx_word' id='word_1_237' title='bbox 586 2554 840 2634; x_wconf 78' lang='lat' dir='ltr'><strong>conspirationibus</strong></span> <span class='ocrx_word' id='word_1_238' title='bbox 860 2553 987 2616; x_wconf 77' lang='lat' dir='ltr'><strong>hosfium</strong></span> <span class='ocrx_word' id='word_1_239' title='bbox 1007 2554 1130 2614; x_wconf 84' lang='lat' dir='ltr'><strong>suomm&#39;</strong></span> <span class='ocrx_word' id='word_1_240' title='bbox 1144 2555 1339 2650; x_wconf 80' lang='lat' dir='ltr'><strong>conqueritur.</strong></span> <span class='ocrx_word' id='word_1_241' title='bbox 1398 2557 1399 2564; x_wconf 75' lang='grc'>’</span> 
     </span>
     <span class='ocr_line' id='line_1_29' title="bbox 198 2569 1338 2714; baseline 0.002 -23"><span class='ocrx_word' id='word_1_242' title='bbox 198 2569 351 2693; x_wconf 58' lang='lat' dir='ltr'><strong>lbsnemo</strong></span> <span class='ocrx_word' id='word_1_243' title='bbox 371 2631 449 2694; x_wconf 83' lang='lat' dir='ltr'><strong>addit</strong></span> <span class='ocrx_word' id='word_1_244' title='bbox 469 2631 685 2708; x_wconf 84' lang='lat' dir='ltr'><strong>confidentiam,</strong></span> <span class='ocrx_word' id='word_1_245' title='bbox 710 2651 769 2713; x_wconf 89' lang='lat' dir='ltr'><strong>qua</strong></span> <span class='ocrx_word' id='word_1_246' title='bbox 791 2619 823 2694; x_wconf 85' lang='lat' dir='ltr'><strong>s¹c</strong></span> <span class='ocrx_word' id='word_1_247' title='bbox 841 2634 878 2694; x_wconf 90' lang='lat' dir='ltr'><strong>ad</strong></span> <span class='ocrx_word' id='word_1_248' title='bbox 898 2634 1011 2714; x_wconf 88' lang='lat' dir='ltr'><strong>quidvis</strong></span> <span class='ocrx_word' id='word_1_249' title='bbox 1030 2631 1193 2695; x_wconf 85' lang='lat' dir='ltr'><strong>audendum</strong></span> <span class='ocrx_word' id='word_1_250' title='bbox 1213 2635 1338 2694; x_wconf 78' lang='lat' dir='ltr'><strong>incitant.</strong></span> 
     </span>
     <span class='ocr_line' id='line_1_30' title="bbox 199 2709 1337 2794; baseline 0.003 -23"><span class='ocrx_word' id='word_1_251' title='bbox 199 2709 294 2772; x_wconf 86' lang='lat' dir='ltr'><strong>Porro</strong></span> <span class='ocrx_word' id='word_1_252' title='bbox 313 2732 373 2774; x_wconf 89' lang='lat' dir='ltr'><strong>uon</strong></span> <span class='ocrx_word' id='word_1_253' title='bbox 393 2711 511 2773; x_wconf 89' lang='lat' dir='ltr'><strong>dubium</strong></span> <span class='ocrx_word' id='word_1_254' title='bbox 531 2720 575 2777; x_wconf 81' lang='lat' dir='ltr'><strong>cst</strong></span> <span class='ocrx_word' id='word_1_255' title='bbox 595 2713 666 2793; x_wconf 89' lang='lat' dir='ltr'><strong>quin</strong></span> <span class='ocrx_word' id='word_1_256' title='bbox 685 2713 751 2794; x_wconf 86' lang='lat' dir='ltr'><strong>plus</strong></span> <span class='ocrx_word' id='word_1_257' title='bbox 770 2713 825 2773; x_wconf 82' lang='lat' dir='ltr'><strong>iltis</strong></span> <span class='ocrx_word' id='word_1_258' title='bbox 845 2713 985 2774; x_wconf 85' lang='lat' dir='ltr'><strong>addiderit</strong></span> <span class='ocrx_word' id='word_1_259' title='bbox 1003 2714 1090 2786; x_wconf 87' lang='lat' dir='ltr'><strong>enimi</strong></span> <span class='ocrx_word' id='word_1_260' title='bbox 1108 2713 1259 2776; x_wconf 81' lang='lat' dir='ltr'><strong>iufirmitas</strong></span> <span class='ocrx_word' id='word_1_261' title='bbox 1279 2712 1337 2774; x_wconf 85' lang='lat' dir='ltr'><strong>Da-</strong></span> 
     </span>
     <span class='ocr_line' id='line_1_31' title="bbox 195 2791 1336 2876; baseline 0.003 -24"><span class='ocrx_word' id='word_1_262' title='bbox 195 2791 282 2866; x_wconf 80' lang='lat' dir='ltr'><strong>vidis‚</strong></span> <span class='ocrx_word' id='word_1_263' title='bbox 301 2799 334 2853; x_wconf 91' lang='lat' dir='ltr'><strong>ut</strong></span> <span class='ocrx_word' id='word_1_264' title='bbox 352 2793 525 2875; x_wconf 83' lang='lat' dir='ltr'><strong>petulantius</strong></span> <span class='ocrx_word' id='word_1_265' title='bbox 540 2799 678 2852; x_wconf 79' lang='lat' dir='ltr'><strong>vorarent</strong></span> <span class='ocrx_word' id='word_1_266' title='bbox 696 2795 836 2853; x_wconf 83' lang='lat' dir='ltr'><strong>miserum</strong></span> <span class='ocrx_word' id='word_1_267' title='bbox 854 2800 885 2854; x_wconf 84' lang='lat' dir='ltr'><strong>et</strong></span> <span class='ocrx_word' id='word_1_268' title='bbox 903 2793 1057 2874; x_wconf 79' lang='lat' dir='ltr'><strong>profugum</strong></span> <span class='ocrx_word' id='word_1_269' title='bbox 1077 2792 1232 2864; x_wconf 76' lang='lat' dir='ltr'><strong>bominem,</strong></span> <span class='ocrx_word' id='word_1_270' title='bbox 1251 2813 1336 2876; x_wconf 85' lang='lat' dir='ltr'><strong>quem</strong></span> 
     </span>
     <span class='ocr_line' id='line_1_32' title="bbox 195 2865 1335 2952; baseline 0.002 -20"><span class='ocrx_word' id='word_1_271' title='bbox 195 2871 334 2932; x_wconf 73' lang='lat' dir='ltr'><strong>videbant</strong></span> <span class='ocrx_word' id='word_1_272' title='bbox 352 2865 431 2934; x_wconf 88' lang='lat' dir='ltr'><strong>omui</strong></span> <span class='ocrx_word' id='word_1_273' title='bbox 450 2874 557 2934; x_wconf 79' lang='lat' dir='ltr'><strong>auxilio</strong></span> <span class='ocrx_word' id='word_1_274' title='bbox 578 2872 701 2932; x_wconf 89' lang='lat' dir='ltr'><strong>destitui.</strong></span> <span class='ocrx_word' id='word_1_275' title='bbox 741 2871 898 2952; x_wconf 86' lang='lat' dir='ltr'><strong>Postquam</strong></span> <span class='ocrx_word' id='word_1_276' title='bbox 924 2873 996 2934; x_wconf 83' lang='lat' dir='ltr'><strong>dixit</strong></span> <span class='ocrx_word' id='word_1_277' title='bbox 1020 2891 1082 2933; x_wconf 86' lang='lat' dir='ltr'><strong>esse</strong></span> <span class='ocrx_word' id='word_1_278' title='bbox 1105 2872 1288 2950; x_wconf 77' lang='lat' dir='ltr'><strong>insanabiles,</strong></span> <span class='ocrx_word' id='word_1_279' title='bbox 1307 2881 1335 2934; x_wconf 85' lang='lat' dir='ltr'><strong>et</strong></span> 
     </span>
     <span class='ocr_line' id='line_1_33' title="bbox 196 2943 1399 3034; baseline 0.002 -22"><span class='ocrx_word' id='word_1_280' title='bbox 196 2971 272 3034; x_wconf 88' lang='lat' dir='ltr'><strong>quos</strong></span> <span class='ocrx_word' id='word_1_281' title='bbox 291 2952 327 3013; x_wconf 90' lang='lat' dir='ltr'><strong>ad</strong></span> <span class='ocrx_word' id='word_1_282' title='bbox 346 2952 551 3014; x_wconf 82' lang='lat' dir='ltr'><strong>humanitatem</strong></span> <span class='ocrx_word' id='word_1_283' title='bbox 570 2952 646 3012; x_wconf 86' lang='lat' dir='ltr'><strong>flecti</strong></span> <span class='ocrx_word' id='word_1_284' title='bbox 665 2970 756 3032; x_wconf 70' lang='lat' dir='ltr'><strong>posac&#39;</strong></span> <span class='ocrx_word' id='word_1_285' title='bbox 769 2953 847 3012; x_wconf 87' lang='lat' dir='ltr'><strong>uutta</strong></span> <span class='ocrx_word' id='word_1_286' title='bbox 868 2972 882 3012; x_wconf 94' lang='lat' dir='ltr'><strong>s</strong></span> <span class='ocrx_word' id='word_1_287' title='bbox 903 2971 933 3012; x_wconf 89' lang='lat' dir='ltr'><strong>es</strong></span> <span class='ocrx_word' id='word_1_288' title='bbox 953 2955 1002 3013; x_wconf 75' lang='lat' dir='ltr'><strong>sits</strong></span> <span class='ocrx_word' id='word_1_289' title='bbox 1023 2953 1100 3014; x_wconf 85' lang='lat' dir='ltr'><strong>addit</strong></span> <span class='ocrx_word' id='word_1_290' title='bbox 1114 2953 1192 3013; x_wconf 86' lang='lat' dir='ltr'><strong>ultro</strong></span> <span class='ocrx_word' id='word_1_291' title='bbox 1207 2955 1333 3034; x_wconf 81' lang='lat' dir='ltr'><strong>citroque</strong></span> <span class='ocrx_word' id='word_1_292' title='bbox 1398 2943 1399 2970; x_wconf 95' lang='lat'>¹</span> 
     </span>
     <span class='ocr_line' id='line_1_34' title="bbox 193 2973 1330 3115; baseline 0 -23"><span class='ocrx_word' id='word_1_293' title='bbox 193 3033 272 3092; x_wconf 85' lang='lat' dir='ltr'><strong>inter</strong></span> <span class='ocrx_word' id='word_1_294' title='bbox 291 3051 322 3093; x_wconf 87' lang='lat' dir='ltr'><strong>se</strong></span> <span class='ocrx_word' id='word_1_295' title='bbox 341 3033 467 3115; x_wconf 83' lang='lat' dir='ltr'><strong>colloqui</strong></span> <span class='ocrx_word' id='word_1_296' title='bbox 485 3031 633 3113; x_wconf 85' lang='lat' dir='ltr'><strong>quomodo</strong></span> <span class='ocrx_word' id='word_1_297' title='bbox 653 3051 707 3112; x_wconf 88' lang='lat' dir='ltr'><strong>per</strong></span> <span class='ocrx_word' id='word_1_298' title='bbox 724 3031 839 3092; x_wconf 82' lang='lat' dir='ltr'><strong>insidias</strong></span> <span class='ocrx_word' id='word_1_299' title='bbox 858 2973 940 3092; x_wconf 80' lang='lat' dir='ltr'><strong>itlbru</strong></span> <span class='ocrx_word' id='word_1_300' title='bbox 960 3033 1090 3113; x_wconf 82' lang='lat' dir='ltr'><strong>perdant.</strong></span> <span class='ocrx_word' id='word_1_301' title='bbox 1116 3031 1255 3115; x_wconf 76' lang='lat' dir='ltr'><strong>Sequitur</strong></span> <span class='ocrx_word' id='word_1_302' title='bbox 1272 3041 1330 3094; x_wconf 84' lang='lat' dir='ltr'><strong>tau·</strong></span> 
     </span>
     <span class='ocr_line' id='line_1_35' title="bbox 187 3111 1329 3194; baseline -0.001 -20"><span class='ocrx_word' id='word_1_303' title='bbox 187 3113 264 3176; x_wconf 70' lang='lat' dir='ltr'><strong>‚dem</strong></span> <span class='ocrx_word' id='word_1_304' title='bbox 288 3112 408 3187; x_wconf 78' lang='lat' dir='ltr'><strong>ferocia,</strong></span> <span class='ocrx_word' id='word_1_305' title='bbox 438 3114 574 3194; x_wconf 87' lang='lat' dir='ltr'><strong>quoniam</strong></span> <span class='ocrx_word' id='word_1_306' title='bbox 603 3117 682 3171; x_wconf 86' lang='lat' dir='ltr'><strong>astus</strong></span> <span class='ocrx_word' id='word_1_307' title='bbox 707 3131 775 3174; x_wconf 86' lang='lat' dir='ltr'><strong>suos</strong></span> <span class='ocrx_word' id='word_1_308' title='bbox 800 3111 954 3174; x_wconf 86' lang='lat' dir='ltr'><strong>invisibiles</strong></span> <span class='ocrx_word' id='word_1_309' title='bbox 979 3131 1041 3173; x_wconf 88' lang='lat' dir='ltr'><strong>csse</strong></span> <span class='ocrx_word' id='word_1_310' title='bbox 1086 3119 1176 3172; x_wconf 75' lang='lat' dir='ltr'><strong>uteut,</strong></span> <span class='ocrx_word' id='word_1_311' title='bbox 1220 3111 1329 3173; x_wconf 82' lang='lat' dir='ltr'><strong>Scimus</strong></span> 
     </span>
     <span class='ocr_line' id='line_1_36' title="bbox 169 3133 1327 3272; baseline -0.001 -19"><span class='ocrx_word' id='word_1_312' title='bbox 169 3193 273 3253; x_wconf 65' lang='lat' dir='ltr'><strong>‘enim</strong></span> <span class='ocrx_word' id='word_1_313' title='bbox 293 3211 381 3272; x_wconf 90' lang='lat' dir='ltr'><strong>quam</strong></span> <span class='ocrx_word' id='word_1_314' title='bbox 401 3211 501 3254; x_wconf 88' lang='lat' dir='ltr'><strong>secure</strong></span> <span class='ocrx_word' id='word_1_315' title='bbox 519 3189 644 3272; x_wconf 88' lang='lat' dir='ltr'><strong>improbi</strong></span> <span class='ocrx_word' id='word_1_316' title='bbox 663 3209 715 3252; x_wconf 87' lang='lat' dir='ltr'><strong>sua</strong></span> <span class='ocrx_word' id='word_1_317' title='bbox 728 3191 841 3254; x_wconf 78' lang='lat' dir='ltr'><strong>vafritie</strong></span> <span class='ocrx_word' id='word_1_318' title='bbox 860 3192 970 3268; x_wconf 85' lang='lat' dir='ltr'><strong>contisi,</strong></span> <span class='ocrx_word' id='word_1_319' title='bbox 989 3133 1164 3272; x_wconf 82' lang='lat' dir='ltr'><strong>simplicibus</strong></span> <span class='ocrx_word' id='word_1_320' title='bbox 1182 3193 1327 3256; x_wconf 81' lang='lat' dir='ltr'><strong>insultent:</strong></span> 
     </span>
     <span class='ocr_line' id='line_1_37' title="bbox 190 3271 1327 3354; baseline 0.003 -23"><span class='ocrx_word' id='word_1_321' title='bbox 190 3273 265 3351; x_wconf 80' lang='lat' dir='ltr'><strong>quia</strong></span> <span class='ocrx_word' id='word_1_322' title='bbox 289 3279 391 3354; x_wconf 87' lang='lat' dir='ltr'><strong>putant</strong></span> <span class='ocrx_word' id='word_1_323' title='bbox 416 3279 531 3334; x_wconf 85' lang='lat' dir='ltr'><strong>centum</strong></span> <span class='ocrx_word' id='word_1_324' title='bbox 555 3271 680 3352; x_wconf 73' lang='lat' dir='ltr'><strong>rationes</strong></span> <span class='ocrx_word' id='word_1_325' title='bbox 704 3271 756 3332; x_wconf 82' lang='lat' dir='ltr'><strong>sibi</strong></span> <span class='ocrx_word' id='word_1_326' title='bbox 782 3289 895 3354; x_wconf 86' lang='lat' dir='ltr'><strong>semper</strong></span> <span class='ocrx_word' id='word_1_327' title='bbox 919 3273 949 3331; x_wconf 90' lang='lat' dir='ltr'><strong>in</strong></span> <span class='ocrx_word' id='word_1_328' title='bbox 969 3273 1188 3353; x_wconf 80' lang='lat' dir='ltr'><strong>promptulum</strong></span> <span class='ocrx_word' id='word_1_329' title='bbox 1206 3271 1327 3353; x_wconf 72' lang='lat' dir='ltr'><strong>tegendis</strong></span> 
     </span>
     <span class='ocr_line' id='line_1_38' title="bbox 191 3324 1326 3494; baseline 0.003 -3"><span class='ocrx_word' id='word_1_330' title='bbox 191 3351 483 3492; x_wconf 65' lang='lat' dir='ltr'><strong>„t</strong></span> <span class='ocrx_word' id='word_1_331' title='bbox 504 3324 1019 3429; x_wconf 49' lang='lat' dir='ltr'><strong>“wel</strong></span> <span class='ocrx_word' id='word_1_332' title='bbox 1038 3349 1326 3494; x_wconf 69' lang='lat' dir='ltr'><strong>omum</strong></span> 
     </span>
     <span class='ocr_line' id='line_1_39' title="bbox 192 3449 1322 3594; baseline 0.003 -24"><span class='ocrx_word' id='word_1_333' title='bbox 192 3516 292 3570; x_wconf 89' lang='lat' dir='ltr'><strong>tomen</strong></span> <span class='ocrx_word' id='word_1_334' title='bbox 312 3513 348 3572; x_wconf 85' lang='lat' dir='ltr'><strong>de</strong></span> <span class='ocrx_word' id='word_1_335' title='bbox 365 3453 435 3594; x_wconf 68' lang='lat' dir='ltr'><strong>ipis</strong></span> <span class='ocrx_word' id='word_1_336' title='bbox 454 3449 627 3591; x_wconf 51' lang='lat' dir='ltr'><strong>intelligerisu</strong></span> <span class='ocrx_word' id='word_1_337' title='bbox 640 3513 708 3592; x_wconf 81' lang='lat' dir='ltr'><strong>quio</strong></span> <span class='ocrx_word' id='word_1_338' title='bbox 728 3511 858 3591; x_wconf 86' lang='lat' dir='ltr'><strong>superbia</strong></span> <span class='ocrx_word' id='word_1_339' title='bbox 878 3511 1031 3586; x_wconf 83' lang='lat' dir='ltr'><strong>excaecuti,</strong></span> <span class='ocrx_word' id='word_1_340' title='bbox 1050 3511 1187 3574; x_wconf 83' lang='lat' dir='ltr'><strong>audacter</strong></span> <span class='ocrx_word' id='word_1_341' title='bbox 1204 3475 1322 3574; x_wconf 79' lang='lat' dir='ltr'><strong>citicen-</strong></span> 
     </span>
     <span class='ocr_line' id='line_1_40' title="bbox 150 3591 1322 3672; baseline 0.003 -23"><span class='ocrx_word' id='word_1_342' title='bbox 150 3661 152 3668; x_wconf 16' lang='grc' dir='ltr'><em>Α</em></span> <span class='ocrx_word' id='word_1_343' title='bbox 190 3592 268 3652; x_wconf 78' lang='lat' dir='ltr'><strong>tiosc</strong></span> <span class='ocrx_word' id='word_1_344' title='bbox 287 3599 377 3652; x_wconf 89' lang='lat' dir='ltr'><strong>ruunt</strong></span> <span class='ocrx_word' id='word_1_345' title='bbox 396 3610 569 3672; x_wconf 89' lang='lat' dir='ltr'><strong>quocunque</strong></span> <span class='ocrx_word' id='word_1_346' title='bbox 592 3591 713 3672; x_wconf 87' lang='lat' dir='ltr'><strong>impellit</strong></span> <span class='ocrx_word' id='word_1_347' title='bbox 736 3591 835 3652; x_wconf 85' lang='lat' dir='ltr'><strong>libido:</strong></span> <span class='ocrx_word' id='word_1_348' title='bbox 863 3593 929 3670; x_wconf 89' lang='lat' dir='ltr'><strong>quia</strong></span> <span class='ocrx_word' id='word_1_349' title='bbox 954 3591 1033 3652; x_wconf 89' lang='lat' dir='ltr'><strong>nulla</strong></span> <span class='ocrx_word' id='word_1_350' title='bbox 1057 3611 1108 3652; x_wconf 86' lang='lat' dir='ltr'><strong>eos</strong></span> <span class='ocrx_word' id='word_1_351' title='bbox 1126 3591 1184 3652; x_wconf 83' lang='lat' dir='ltr'><strong>Dei</strong></span> <span class='ocrx_word' id='word_1_352' title='bbox 1203 3609 1322 3653; x_wconf 79' lang='lat' dir='ltr'><strong>mvner-</strong></span> 
     </span>
     <span class='ocr_line' id='line_1_41' title="bbox 189 3669 1322 3754; baseline 0.003 -24"><span class='ocrx_word' id='word_1_353' title='bbox 189 3672 246 3745; x_wconf 79' lang='lat' dir='ltr'><strong>viu,</strong></span> <span class='ocrx_word' id='word_1_354' title='bbox 266 3671 361 3731; x_wconf 84' lang='lat' dir='ltr'><strong>nullus</strong></span> <span class='ocrx_word' id='word_1_355' title='bbox 380 3671 530 3731; x_wconf 88' lang='lat' dir='ltr'><strong>homiuum</strong></span> <span class='ocrx_word' id='word_1_356' title='bbox 550 3671 645 3752; x_wconf 89' lang='lat' dir='ltr'><strong>pudor</strong></span> <span class='ocrx_word' id='word_1_357' title='bbox 663 3669 786 3732; x_wconf 82' lang='lat' dir='ltr'><strong>cohibet.</strong></span> <span class='ocrx_word' id='word_1_358' title='bbox 811 3669 949 3736; x_wconf 82' lang='lat' dir='ltr'><strong>Proximo</strong></span> <span class='ocrx_word' id='word_1_359' title='bbox 969 3685 1055 3732; x_wconf 75' lang='lat' dir='ltr'><strong>versu</strong></span> <span class='ocrx_word' id='word_1_360' title='bbox 1070 3673 1190 3754; x_wconf 63' lang='lat' dir='ltr'><strong>‘gravius</strong></span> <span class='ocrx_word' id='word_1_361' title='bbox 1208 3673 1322 3754; x_wconf 64' lang='lat' dir='ltr'><strong>mugiat</strong></span> 
     </span>
     <span class='ocr_line' id='line_1_42' title="bbox 194 3747 1321 3834; baseline 0.002 -24"><span class='ocrx_word' id='word_1_362' title='bbox 194 3761 296 3811; x_wconf 80' lang='lat' dir='ltr'><strong>mmm</strong></span> <span class='ocrx_word' id='word_1_363' title='bbox 317 3750 438 3812; x_wconf 79' lang='lat' dir='ltr'><strong>fraudes.</strong></span> <span class='ocrx_word' id='word_1_364' title='bbox 478 3747 558 3820; x_wconf 84' lang='lat' dir='ltr'><strong>Dicit</strong></span> <span class='ocrx_word' id='word_1_365' title='bbox 576 3753 663 3832; x_wconf 81' lang='lat' dir='ltr'><strong>igitur</strong></span> <span class='ocrx_word' id='word_1_366' title='bbox 682 3766 781 3812; x_wconf 83' lang='lat' dir='ltr'><strong>omues</strong></span> <span class='ocrx_word' id='word_1_367' title='bbox 801 3751 923 3812; x_wconf 88' lang='lat' dir='ltr'><strong>nocendi</strong></span> <span class='ocrx_word' id='word_1_368' title='bbox 942 3757 1016 3812; x_wconf 83' lang='lat' dir='ltr'><strong>ortes</strong></span> <span class='ocrx_word' id='word_1_369' title='bbox 1034 3751 1122 3812; x_wconf 85' lang='lat' dir='ltr'><strong>luisse</strong></span> <span class='ocrx_word' id='word_1_370' title='bbox 1141 3757 1321 3834; x_wconf 84' lang='lat' dir='ltr'><strong>percantatos,</strong></span> 
     </span>
     <span class='ocr_line' id='line_1_43' title="bbox 193 3829 1320 3904; baseline 0.003 -15"><span class='ocrx_word' id='word_1_371' title='bbox 193 3837 228 3889; x_wconf 89' lang='lat' dir='ltr'><strong>ut</strong></span> <span class='ocrx_word' id='word_1_372' title='bbox 252 3829 384 3892; x_wconf 85' lang='lat' dir='ltr'><strong>nibil—nd</strong></span> <span class='ocrx_word' id='word_1_373' title='bbox 407 3837 543 3904; x_wconf 71' lang='lat' dir='ltr'><strong>eructum</strong></span> <span class='ocrx_word' id='word_1_374' title='bbox 568 3832 736 3892; x_wconf 86' lang='lat' dir='ltr'><strong>scrutinium</strong></span> <span class='ocrx_word' id='word_1_375' title='bbox 761 3829 915 3891; x_wconf 85' lang='lat' dir='ltr'><strong>omiserint.</strong></span> <span class='ocrx_word' id='word_1_376' title='bbox 956 3835 1103 3892; x_wconf 76' lang='lat' dir='ltr'><strong>Scnstinti</strong></span> <span class='ocrx_word' id='word_1_377' title='bbox 1121 3849 1192 3892; x_wconf 84' lang='lat' dir='ltr'><strong>vcro</strong></span> <span class='ocrx_word' id='word_1_378' title='bbox 1216 3833 1320 3892; x_wconf 86' lang='lat' dir='ltr'><strong>nomine</strong></span> 
     </span>
     <span class='ocr_line' id='line_1_44' title="bbox 188 3909 1320 3991; baseline 0.003 -22"><span class='ocrx_word' id='word_1_379' title='bbox 188 3909 324 3991; x_wconf 72' lang='lat' dir='ltr'><strong>iutelligit</strong></span> <span class='ocrx_word' id='word_1_380' title='bbox 342 3912 469 3973; x_wconf 86' lang='lat' dir='ltr'><strong>occultas</strong></span> <span class='ocrx_word' id='word_1_381' title='bbox 487 3912 610 3974; x_wconf 84' lang='lat' dir='ltr'><strong>nocendi</strong></span> <span class='ocrx_word' id='word_1_382' title='bbox 629 3917 713 3972; x_wconf 83' lang='lat' dir='ltr'><strong>artes.</strong></span> <span class='ocrx_word' id='word_1_383' title='bbox 733 3909 771 3971; x_wconf 83' lang='lat' dir='ltr'><strong>m</strong></span> <span class='ocrx_word' id='word_1_384' title='bbox 789 3911 868 3971; x_wconf 85' lang='lat' dir='ltr'><strong>addit</strong></span> <span class='ocrx_word' id='word_1_385' title='bbox 886 3910 960 3970; x_wconf 86' lang='lat' dir='ltr'><strong>attus</strong></span> <span class='ocrx_word' id='word_1_386' title='bbox 979 3929 1041 3971; x_wconf 84' lang='lat' dir='ltr'><strong>csse</strong></span> <span class='ocrx_word' id='word_1_387' title='bbox 1060 3926 1189 3972; x_wconf 83' lang='lat' dir='ltr'><strong>recessm</strong></span> <span class='ocrx_word' id='word_1_388' title='bbox 1207 3911 1320 3972; x_wconf 80' lang='lat' dir='ltr'><strong>mattiae</strong></span> 
     </span>
     <span class='ocr_line' id='line_1_45' title="bbox 191 3988 1317 4074; baseline 0.002 -24"><span class='ocrx_word' id='word_1_389' title='bbox 191 3990 330 4071; x_wconf 86' lang='lat' dir='ltr'><strong>ipsorum.</strong></span> <span class='ocrx_word' id='word_1_390' title='bbox 356 3988 431 4051; x_wconf 87' lang='lat' dir='ltr'><strong>Nam</strong></span> <span class='ocrx_word' id='word_1_391' title='bbox 450 4011 502 4074; x_wconf 91' lang='lat' dir='ltr'><strong>per</strong></span> <span class='ocrx_word' id='word_1_392' title='bbox 521 4015 574 4054; x_wconf 80' lang='lat' dir='ltr'><strong>cor</strong></span> <span class='ocrx_word' id='word_1_393' title='bbox 587 3993 776 4073; x_wconf 77' lang='lat' dir='ltr'><strong>profmsdom</strong></span> <span class='ocrx_word' id='word_1_394' title='bbox 795 4001 823 4053; x_wconf 83' lang='lat' dir='ltr'><strong>et</strong></span> <span class='ocrx_word' id='word_1_395' title='bbox 841 3992 1006 4072; x_wconf 74' lang='lat' dir='ltr'><strong>pnwtruttu</strong></span> <span class='ocrx_word' id='word_1_396' title='bbox 1025 3990 1073 4050; x_wconf 87' lang='lat' dir='ltr'><strong>vet</strong></span> <span class='ocrx_word' id='word_1_397' title='bbox 1090 3992 1206 4052; x_wconf 83' lang='lat' dir='ltr'><strong>intimas</strong></span> <span class='ocrx_word' id='word_1_398' title='bbox 1217 3997 1317 4072; x_wconf 83' lang='lat' dir='ltr'><strong>partes,</strong></span> 
     </span>
    </p>
   </div>
   <div class='ocr_carea' id='block_1_3' title="bbox 84 4069 1316 4154">
    <p class='ocr_par' dir='ltr' id='par_1_3' title="bbox 84 4069 1316 4154">
     <span class='ocr_line' id='line_1_46' title="bbox 84 4069 1316 4154; baseline 0 -23"><span class='ocrx_word' id='word_1_399' title='bbox 84 4087 87 4095; x_wconf 57' lang='lat'><strong>⁴</strong></span> <span class='ocrx_word' id='word_1_400' title='bbox 192 4069 316 4132; x_wconf 76' lang='lat' dir='ltr'><strong>latebras</strong></span> <span class='ocrx_word' id='word_1_401' title='bbox 335 4071 475 4154; x_wconf 75' lang='lat' dir='ltr'><strong>iutelligit,</strong></span> <span class='ocrx_word' id='word_1_402' title='bbox 495 4072 599 4154; x_wconf 87' lang='lat' dir='ltr'><strong>quibus</strong></span> <span class='ocrx_word' id='word_1_403' title='bbox 618 4071 741 4152; x_wconf 87' lang='lat' dir='ltr'><strong>improbi</strong></span> <span class='ocrx_word' id='word_1_404' title='bbox 758 4089 789 4130; x_wconf 84' lang='lat' dir='ltr'><strong>se</strong></span> <span class='ocrx_word' id='word_1_405' title='bbox 803 4070 962 4130; x_wconf 87' lang='lat' dir='ltr'><strong>involvunt.</strong></span> <span class='ocrx_word' id='word_1_406' title='bbox 984 4069 1109 4150; x_wconf 84' lang='lat' dir='ltr'><strong>Quidam</strong></span> <span class='ocrx_word' id='word_1_407' title='bbox 1122 4089 1229 4132; x_wconf 86' lang='lat' dir='ltr'><strong>nomen</strong></span> <span class='ocrx_word' id='word_1_408' title='bbox 1248 4075 1316 4142; x_wconf 66' lang='lat' dir='ltr'><strong>wltt</strong></span> 
     </span>
    </p>
   </div>
   <div class='ocr_carea' id='block_1_4' title="bbox 189 4149 1318 4312">
    <p class='ocr_par' dir='ltr' id='par_1_4' title="bbox 189 4149 1318 4312">
     <span class='ocr_line' id='line_1_47' title="bbox 189 4149 1318 4234; baseline 0.001 -25"><span class='ocrx_word' id='word_1_409' title='bbox 189 4149 339 4210; x_wconf 82' lang='lat' dir='ltr'><strong>iudelmito</strong></span> <span class='ocrx_word' id='word_1_410' title='bbox 358 4153 501 4234; x_wconf 88' lang='lat' dir='ltr'><strong>accipiunt</strong></span> <span class='ocrx_word' id='word_1_411' title='bbox 519 4152 582 4213; x_wconf 91' lang='lat' dir='ltr'><strong>boc·</strong></span> <span class='ocrx_word' id='word_1_412' title='bbox 595 4151 693 4226; x_wconf 87' lang='lat' dir='ltr'><strong>modo,</strong></span> <span class='ocrx_word' id='word_1_413' title='bbox 713 4149 859 4230; x_wconf 81' lang='lat' dir='ltr'><strong>Quicquid</strong></span> <span class='ocrx_word' id='word_1_414' title='bbox 879 4149 989 4210; x_wconf 86' lang='lat' dir='ltr'><strong>consilii</strong></span> <span class='ocrx_word' id='word_1_415' title='bbox 1008 4157 1037 4210; x_wconf 85' lang='lat' dir='ltr'><strong>et</strong></span> <span class='ocrx_word' id='word_1_416' title='bbox 1056 4153 1177 4213; x_wconf 74' lang='lat' dir='ltr'><strong>semdae</strong></span> <span class='ocrx_word' id='word_1_417' title='bbox 1188 4151 1318 4211; x_wconf 78' lang='lat' dir='ltr'><strong>invenitur</strong></span> 
     </span>
     <span class='ocr_line' id='line_1_48' title="bbox 190 4227 1316 4312; baseline -0.001 -23"><span class='ocrx_word' id='word_1_418' title='bbox 190 4230 425 4304; x_wconf 81' lang='lat' dir='ltr'><strong>inmortalibus,</strong></span> <span class='ocrx_word' id='word_1_419' title='bbox 448 4233 546 4294; x_wconf 87' lang='lat' dir='ltr'><strong>bostcs</strong></span> <span class='ocrx_word' id='word_1_420' title='bbox 565 4231 622 4292; x_wconf 88' lang='lat' dir='ltr'><strong>mei</strong></span> <span class='ocrx_word' id='word_1_421' title='bbox 641 4231 677 4291; x_wconf 90' lang='lat' dir='ltr'><strong>ad</strong></span> <span class='ocrx_word' id='word_1_422' title='bbox 698 4247 728 4290; x_wconf 84' lang='lat' dir='ltr'><strong>se</strong></span> <span class='ocrx_word' id='word_1_423' title='bbox 748 4229 895 4310; x_wconf 80' lang='lat' dir='ltr'><strong>colligunt.</strong></span> <span class='ocrx_word' id='word_1_424' title='bbox 936 4227 994 4290; x_wconf 89' lang='lat' dir='ltr'><strong>Sed</strong></span> <span class='ocrx_word' id='word_1_425' title='bbox 1014 4231 1110 4312; x_wconf 82' lang='lat' dir='ltr'><strong>quoad</strong></span> <span class='ocrx_word' id='word_1_426' title='bbox 1129 4247 1265 4292; x_wconf 81' lang='lat' dir='ltr'><strong>summam</strong></span> <span class='ocrx_word' id='word_1_427' title='bbox 1280 4229 1316 4288; x_wconf 85' lang='lat' dir='ltr'><strong>roi</strong></span> 
     </span>
    </p>
   </div>
   <div class='ocr_carea' id='block_1_5' title="bbox 0 0 1422 4886">
    <p class='ocr_par' dir='ltr' id='par_1_5' title="bbox 0 0 1422 4886">
     <span class='ocr_line' id='line_1_49' title="bbox 0 0 1422 4886; baseline 0 4"><span class='ocrx_word' id='word_1_428' title='bbox 0 0 1422 4886; x_wconf 95' lang='lat' dir='ltr'><strong> </strong></span> 
     </span>
    </p>
   </div>
  </div>
 </body>
</html>
