2730 4882
223 309 277 372 404
371 307 373 315 ·
645 277 930 348 ucauitsus

226 438 305 500 ximo
325 429 452 496 m'embro
472 431 579 496 crimen
598 425 691 490 adhue
709 431 871 510 exaggerat,
895 425 974 508 qnod
997 431 1176 510 praetextum
1193 431 1309 490 menate

226 519 270 580 nia
290 511 442 580 obtendere
465 527 524 572 uon
543 509 626 570 beent
649 507 685 569 ab
704 507 877 589 ignorantia:
897 505 1129 588 quandoquidem
1148 505 1232 570 iuuat
1246 509 1310 572 deni

226 597 291 658 iioio
316 611 369 654 suo
395 590 542 666 divinitus,
567 595 706 670 quautam
729 588 796 648 satis
819 591 882 648 erat
905 585 1032 647 edemus.
1072 583 1170 648 Dietin
1187 589 1310 658 nmmo

226 675 324 738 maltis
348 674 388 732 ita
411 670 550 752 aooipitur
566 668 624 729 nesi
644 665 767 742 dionunt,
781 683 883 726 amana
901 667 1035 745 mysteria
1054 665 1109 726 sibi
1128 667 1255 748 putenm
1267 689 1311 729 nse

227 756 270 816 lta
289 750 444 814 seeoadurn
463 767 523 824 eos,
541 748 687 812 οιιιιὶιιιιιι
705 747 821 828 ponitur
838 763 892 825 pro
911 745 998 806 rebus
1015 743 1051 805 ab
1068 744 1310 810 bumsnoseoanai

228 831 372 896 seonditis.
411 827 479 890 Meo
503 833 600 888 autem
622 826 740 900 iudicio,
763 823 920 885 obscuritas
944 823 992 884 rel
1016 823 1168 885 amneio
1185 825 1218 898 de
1234 829 1312 907 quio

196 963 201 974 ,
269 915 326 974 itur
344 907 450 986 David,
467 927 528 968 non
545 911 605 968 tam
625 905 661 966 ad
680 923 726 966 res
745 905 830 986 ipsas,
895 913 897 918 ’
955 904 1132 965 odmentem
1149 905 1208 965 eius
1223 906 1311 970 niatu.

257 1011 293 1054 oe
316 991 394 1052 euim
413 985 572 1050 membrum
595 986 728 1068 proximo
746 1001 791 1044 res
813 1002 849 1043 oo
925 983 1047 1064 ideoque
1066 983 1173 1045 latetur
1190 1003 1219 1046 se
1234 989 1311 1048 aonia

229 1073 304 1132 viter
321 1075 434 1131 tautum
457 1072 587 1147 gustasse
611 1063 763 1126 coelem
782 1004 954 1138 doctrinam,
979 1063 1027 1124 vsi
1046 1064 1144 1144 speeie
1162 1069 1238 1124 tauns
1252 1083 1275 1124 se
1287 1066 1314 1126 iis

230 1151 317 1213 inisse
331 1147 507 1230 adspersum,
525 1145 574 1208 sed
593 1143 712 1206 infixam
786 1143 843 1202 itura
862 1141 949 1205 luisse
967 1139 1046 1204 eordi
1061 1161 1130 1204 suos
1149 1141 1312 1224 qniabem

133 1219 140 1240 ‘
230 1229 376 1294 miliariter
394 1245 461 1290 eum
480 1223 644 1300 edocuerat,
662 1229 697 1284 ut
715 1241 735 1282 n
764 1223 921 1304 iiprorsus
940 1221 1010 1282 utile
1106 1223 1114 1238 ⁶
1166 1225 1263 1285 m,
1283 1223 1313 1284 ln.

271 1325 288 1370 e
312 1308 406 1370 minua
428 1299 597 1368 exoumbiiis
615 1310 676 1364 erat
695 1300 804 1375 David,
828 1299 896 1382 quia
913 1319 982 1362 vera
1000 1301 1043 1362 int
1084 1303 1186 1384 'gartia
1203 1309 1252 1364 tam
1265 1323 1312 1384 poa

259 1405 307 1450 are
325 1381 488 1460 instruetur,
507 1390 602 1445 tamen
621 1384 709 1444 instar
727 1379 827 1442 brutae
847 1379 962 1462 pecudia
976 1382 1226 1464 seproiem‘ssetad
1242 1379 1314 1442 iosdm

230 1467 388 1530 libidinem:
410 1463 514 1530 daiam
537 1465 616 1524 varie
634 1461 787 1543 precando,
811 1459 926 1522 tandem
954 1460 1015 1523 fere
1042 1460 1231 1543 obstupuerat
1261 1459 1314 1521 Viris

231 1567 296 1612 mua
319 1563 457 1628 quorsum
481 1549 590 1626 spectet
612 1539 723 1602 David:
745 1546 898 1624 postquam
922 1541 998 1602 enim
1021 1539 1171 1601 eouiessus
1188 1548 1226 1602 est
1241 1542 1313 1602 sostei

232 1627 277 1687 sui
300 1625 492 1696 almutium,
515 1641 547 1684 se
570 1627 663 1682 totum
688 1620 769 1700 quasi
792 1639 831 1679 eu
860 1625 977 1700 peeoato
1001 1619 1159 1682 oonflatum
1181 1623 1314 1702 agnorizet

233 1705 365 1766 damnata
383 1722 436 1764 sus
453 1708 563 1777 natura,
582 1720 641 1782 qno
659 1699 714 1760 sibi
732 1699 797 1780 plus
817 1697 943 1760 humoris
967 1699 1123 1774 mentem,
1148 1701 1271 1782 propudi
1282 1699 1312 1760 rii

107 1841 112 1868 ,
232 1783 367 1848 tudinium
386 1781 453 1858 Dei,
477 1781 605 1862 dixitque
627 1779 685 1840 illio
704 1795 763 1838 non
786 1778 881 1859 magni
900 1779 1036 1840 momenti
1053 1797 1120 1843 ease
1138 1786 1264 1842 exterum
1277 1799 1311 1859 pr

234 1866 316 1938 uem,
335 1862 385 1924 aed
404 1867 533 1924 exaotam
551 1859 742 1920 amoenitatem
760 1859 876 1939 requiri.
915 1857 973 1920 lam
984 1859 1062 1919 addit
1082 1876 1311 1938 nemeamque

234 1943 304 2006 libet
327 1941 466 2023 evulgo,
488 1945 522 2000 ut
545 1940 576 2000 in
595 1935 708 1999 turbam
732 1955 763 1998 ee
782 1938 949 2015 ouuiioieus,
973 1938 1120 2000 communi
1139 1957 1224 2020 poena
1238 1937 1310 2016 daiupi

235 2028 337 2105 quauta
364 2019 415 2082 sed
438 2020 506 2100 quia
530 2017 681 2081 decantas
704 2023 779 2077 esset
803 2017 913 2077 eximiis
937 2016 1064 2100 Spiritus
1090 2017 1185 2092 donis,
1205 2035 1232 2076 ss
1246 2019 1311 2076 uduo

235 2101 320 2182 eulpa
339 2099 502 2179 constringi.
540 2095 626 2158 Nune
645 2095 732 2156 adse
751 2096 871 2176 ιῐιιὶιιιιιιι
889 2097 1042 2158 bansierre
1061 2095 1154 2158 diseat
1172 2096 1234 2158 bano
1248 2095 1307 2154 doetri

236 2199 311 2254 nem,
330 2185 360 2239 et
378 2177 431 2240 sibi
450 2177 580 2238 oouaoius
604 2176 831 2310 uniuslpeecati‚
854 2176 908 2236 alia
932 2197 990 2258 quo
1072 2183 1186 2238 rerooet
1206 2177 1307 2236 musar·

234 2260 317 2331 riam,
345 2263 377 2316 ut
400 2275 432 2317 ne
455 2262 549 2316 totum
574 2272 671 2316 eoram
719 2267 754 2310 eo
779 2254 948 2328 prosternat.
987 2251 1102 2310 leinde
1120 2249 1307 2333 expendatpru

236 2334 413 2398 formidabile
436 2334 475 2408 sit
491 2332 553 2386 eiua
572 2331 718 2401 tudinium,
741 2333 771 2387 et
791 2345 857 2386 oum
875 2327 952 2388 illius
970 2329 1141 2390 rectitudine
1158 2347 1229 2388 auam
1243 2329 1307 2386 aas

237 2413 296 2468 tem
321 2423 505 2500 eomparatur,
530 2422 561 2466 se
580 2423 698 2484 prorsus
723 2404 804 2464 obrui
823 2407 933 2467 sentiat
971 2405 1101 2469 Tandem
1120 2407 1201 2468 addat
1216 2407 1306 2466 Ιιιιιιι

237 2485 357 2559 ιιιιιΙιιιιι,
376 2503 401 2544 ιι
419 2483 538 2544 ednotus
557 2481 643 2544 inerit
662 2501 679 2544 a
698 2481 763 2544 Deo
782 2485 864 2565 qusai
876 2503 958 2548 unus
976 2506 1013 2547 ex
1023 2487 1190 2561 domesticis,
1206 2505 1263 2546 eosr
1274 2501 1305 2540 ιι

235 2565 290 2625 iuri
310 2561 482 2627 damnationi
501 2579 563 2622 esse
582 2561 748 2636 obnoxium,
767 2563 835 2644 quia
853 2565 1005 2626 suffocavit
1023 2566 1117 2628 luoenr
1127 2567 1236 2647 Spiritus
1250 2565 1306 2625 sud

237 2659 388 2724 pervorans
407 2639 493 2702 inerit
511 2639 679 2738 discipulus,
698 2649 729 2704 et
747 2647 792 2704 tot
810 2645 936 2726 pretiosa
954 2643 1029 2706 doun
1048 2646 1152 2727 quibua
1170 2642 1305 2705 maraste

237 2729 291 2800 rat,
310 2720 429 2804 pedibus
448 2719 609 2785 oaloaverrt.

326 2887 358 2957 9.
380 2884 533 2980 Expiabia
561 2909 623 2982 me
646 2887 789 2981 hyssopo
821 2900 854 2958 et
881 2891 1069 2960 mundabam
1101 2889 1210 2960 lavabit
1229 2893 1305 2964 net

237 3017 313 3084 prae
330 2993 406 3061 nive
427 2991 594 3064 alteserra.
628 2993 680 3062 10.
702 2995 819 3065 Audire
841 3019 894 3066 me
916 2997 964 3066 lac
985 2997 1133 3068 laetitiam
1147 3008 1178 3066 si
1195 2991 1305 3086 gaudium

238 3097 444 3166 exsultabunt
465 3121 538 3167 ossa
560 3121 642 3192 quae
663 3101 848 3171 contrivisti.
887 3104 938 3172 11.
960 3101 1128 3174 Maenade
1148 3103 1239 3173 butu
1253 3105 1304 3163 into

238 3227 257 3270 a
279 3205 415 3296 peccatis
435 3204 527 3290 meis,
547 3215 580 3274 et
604 3229 716 3276 ornnes
737 3205 916 3300 iniquitaten
937 3232 1025 3288 meas
1046 3209 1127 3284 dele.

241 3821 446 3880 conciliationis
465 3843 533 3884 snae
552 3829 704 3907 quaesivit:
724 3830 798 3888 siout
817 3827 861 3889 hie
881 3829 1057 3892 adminiculis
1075 3831 1257 3892 iidemaostrtffl
1269 3811 1297 3908 id·

236 3901 299 3960 nire
324 3899 406 3961 deoet
471 3905 543 3964 oties
566 3913 676 3966 mentes
700 3913 813 3968 nostrae
842 3909 983 3969 raoiilani.
1026 3909 1101 3972 Ilou-
1112 3927 1173 3990 ego
1192 3899 1297 3980 sittim

242 3979 335 4040 voluit
354 3977 430 4058 Davi
450 4023 460 4058 ‚
479 3981 590 4044 allieas·
602 3991 632 4044 et
650 3991 743 4046 ratum
762 3987 792 4046 in
811 4007 843 4048 se
862 3986 924 4048 iore
943 3989 1110 4069 quodDeus
1128 3985 1217 4072 pupuli
1229 3977 1296 4038 ⁵⁰⁰¹*

243 4064 334 4119 status
354 4057 455 4122 iuerat
495 4061 593 4142 Atque
611 4065 711 4125 eadem
731 4065 812 4125 nobis
831 4067 952 4128 tenenda
971 4075 1014 4129 eut
1033 4069 1115 4132 bodie
1126 4067 1212 4148 regul·-
1232 4055 1294 4144 (Μ
1319 4119 1320 4152 q

242 4139 288 4198 vis
309 4139 385 4200 euim
405 4159 464 4201 oon
483 4140 551 4202 alibi
570 4161 657 4224 qnam
676 4144 707 4204 in
726 4143 831 4206 Christi
851 4149 988 4228 sangnine
1001 4149 1155 4230 quaerenda
1170 4145 1199 4204 ait
1212 4135 1294 4229 expiato
1319 4157 1320 4162 ’

243 4218 310 4294 quia
335 4223 431 4278 tamea
456 4239 510 4280 neo
534 4224 624 4282 nouiis
642 4225 826 4304 perspioitur‚
849 4245 903 4286 neo
922 4227 1052 4288 manibus'
1070 4229 1186 4311 palpator
1199 4205 1292 4314 piniti?

243 4295 347 4372 gratie,
372 4315 431 4356 non
455 4319 610 4378 possumus
633 4303 688 4361 nisi
713 4307 837 4362 externis
862 4307 949 4384 signis
969 4307 1070 4381 adiuti,
1095 4297 1293 4384 mutuarat?

246 4377 382 4450 statuere,
404 4373 501 4442 Deum
524 4377 606 4444 nobis
630 4397 693 4456 epae
711 4382 875 4465 propitium.
915 4385 992 4448 ldem
1012 4388 1089 4466 quod
1107 4387 1141 4448 da
1165 4361 1292 4460 ΜΡΝ

239 3425 248 3444 .
318 3349 348 3410 9.
368 3349 513 3444 &ptulit
531 3373 577 3414 ase
594 3359 655 3447 ⁸ato.
694 3348 882 3448 Pmpsquitur
908 3353 1028 3414 eandem
1047 3354 1236 3494 pronutient,
1254 3351 1304 3422 ἸΨ

239 3431 460 3590 tatuit
479 3421 1302 3574 “terminabatiiauusat

239 3604 299 3722 app
328 3587 407 3680 qpod
430 3586 452 3646 fi
473 3590 671 3686 uolam-suam
694 3589 803 3650 leuaret
826 3551 857 3650 iir
881 3599 1002 3654 externo
1031 3592 1191 3674 expiationis
1209 3577 1302 3666 ‚ymbria

240 3681 378 3802 iaeaiiii
397 3665 1300 3829 iiiiigiffiiffliii'iaiiniiiiiinrisil'i
1320 3757 1321 3785 ι
