2836 4886
511 313 854 359 recuruatum.
1201 309 1254 370 477

110 453 202 529 atque
222 445 258 508 ad
278 445 334 508 boc
351 446 509 506 ¹instructos
528 441 615 502 fuisse
635 457 745 502 somme
767 437 949 534 perspicacia,
970 443 1004 500 ut
1022 437 1185 520 inopinatos
1204 457 1255 500 uo-

5 593 7 610 ,
112 529 197 589 cendi
216 527 318 588 medos
337 525 420 606 quasi
439 543 477 585 ex
498 521 648 604 profundis
668 518 792 582 tenebras
810 525 950 580 eruerent.

205 736 236 802 8.
270 731 314 802 Et
339 733 526 802 iaculabitur
552 739 589 800 in
616 753 673 800 eos
700 729 789 798 Deus
817 728 974 822 sagittam,
1006 681 1135 822 repente
1163 737 1256 798 emnt

4 919 6 938 ,
96 843 226 935 plagae
254 841 408 934 ipsomm.
453 839 485 907 9.
518 837 561 906 Et
586 837 760 928 impingere
787 835 901 904 facient
928 859 1025 928 super
1051 835 1176 926 scipsos
1201 835 1257 906 liu-

4 943 5 954 *
111 971 211 1040 gnam
233 971 335 1028 suam,
357 957 391 1015 et
411 946 533 1038 fugient
554 943 736 1036 quicunque
758 941 893 1012 viderint
914 965 981 1010 eos.
1027 943 1078 1008 10.
1106 941 1151 1008 Et
1171 941 1256 1008 ride·

4 1081 7 1138 ι
112 1055 194 1124 bunt
222 1077 335 1122 omnes
363 1051 524 1134 homiues,
556 1061 590 1118 ct
619 1047 791 1118 narrabunt
819 1069 901 1140 opus
923 1047 1001 1131 Dei,
1034 1057 1067 1116 ct
1092 1069 1160 1114 rem
1187 1045 1257 1115 eius

3 1163 5 1188 ¹
112 1170 235 1254 gestam
258 1159 440 1251 intelligent.
487 1159 541 1224 11.
569 1153 752 1222 Laetabitur
772 1155 874 1222 iustus
895 1153 930 1221 in
951 1153 1079 1238 lebera,
1101 1164 1134 1222 et
1155 1176 1256 1246 spera·

3 1325 4 1358 r
113 1267 216 1338 bitin
238 1289 288 1350 eu,
311 1277 344 1334 et
361 1261 583 1357 gloriabuntur
604 1283 717 1329 omncs
739 1261 816 1331 recti
838 1260 942 1330 corde.

196 1413 223 1475 s.
244 1413 286 1473 ue
304 1409 484 1471 manue
503 1415 537 1468 a»
555 1428 605 1469 ιω
623 1408 717 1468 nro.
755 1403 817 1468 um
836 1405 873 1466 ur
892 1384 1110 1486 &aaronem
1129 1407 1257 1487 murm
1340 1414 1343 1422 ·

113 1491 221 1568 David,
245 1507 397 1572 persuasus
416 1505 477 1548 uon
496 1487 578 1547 irrita
597 1485 661 1546 fore
680 1503 732 1546 sua
750 1492 829 1562 vota,
848 1483 908 1546 bno
927 1486 985 1546 ianr
1003 1485 1138 1546 exaudita
1156 1505 1219 1546 esse
1237 1505 1258 1547 u

112 1571 189 1631 Deo.
219 1567 281 1630 Etsi
300 1575 399 1630 autem
417 1565 547 1628 nondum
566 1565 657 1626 oculis
676 1567 828 1646 conspicua
848 1571 910 1626 eret
929 1563 986 1626 Dei
1004 1565 1140 1639 vindicta,
1159 1563 1257 1626 Dueid

113 1657 210 1711 tamen
230 1649 407 1730 repentinam
426 1646 488 1707 fore
507 1645 686 1726 pronuntiat:
715 1647 746 1704 in
767 1665 825 1724 quo
845 1665 904 1704 non
923 1643 1041 1724 vulgare
1060 1643 1170 1725 profert
1188 1645 1263 1706 fidoi

112 1749 184 1790 suae
208 1729 428 1800 documentum,
457 1725 536 1806 quod
560 1725 630 1784 dum
650 1725 754 1805 impios
772 1723 857 1784 rebus
877 1743 1014 1805 prospere
1031 1724 1185 1786 fluentibus
1205 1725 1256 1786 ob·

112 1809 211 1868 durari
229 1807 322 1880 videt,
345 1812 433 1886 atque
457 1823 495 1866 ex
518 1805 700 1866 conniventia
723 1810 753 1864 et
776 1803 889 1864 alentio
908 1801 965 1862 llei
983 1803 1181 1886 impunitatem
1202 1803 1256 1864 sibi

137 1887 293 1960 remittere,
312 1905 374 1945 uon
392 1882 552 1944 succumbit
570 1888 667 1942 tamen
687 1883 790 1956 taedio,
813 1881 865 1944 sed
885 1885 1013 1944 animum
1031 1901 1117 1944 enum
1136 1902 1255 1965 suspeu-

137 1968 168 2040 't,
188 1965 280 2026 donec
299 1971 365 2046 post
384 1964 500 2045 longam
519 1963 700 2024 tolerantiam
719 1960 814 2036 subito
834 1961 916 2022 Dens
935 1968 1071 2042 appareat
1090 1961 1192 2022 iudex:
1218 1965 1256 2022 si·

115 2047 176 2105 cuti
201 2063 346 2124 emergere
369 2050 483 2125 practer
507 2061 589 2123 spem
612 2041 686 2102 solet
704 2059 739 2101 cc
757 2041 969 2124 deprehendere
987 2042 1105 2122 impios,
1134 2042 1204 2102 dum
1223 2061 1255 2102 se

114 2125 159 2185 ela
181 2129 391 2206 coepulantes,
411 2123 472 2182 sinc
489 2121 578 2182 modo
597 2121 785 2202 proterebant.
812 2121 913 2204 ltaque
932 2141 1045 2202 semper
1063 2122 1094 2180 in
1113 2121 1255 2182 diuturnis

114 2225 143 2264 ro
175 2205 182 2220 ‘
222 2202 280 2264 bcc
302 2201 386 2264 nobis
410 2202 544 2262 solatium
568 2207 716 2276 comeret,
744 2199 843 2264 Deum
867 2219 974 2284 poenas
998 2219 1071 2282 quas
1100 2200 1266 2284 dcimpiiu

112 2288 279 2366 sumpturus
308 2288 367 2355 cst,
396 2279 529 2340 consulto
553 2277 682 2352 differre,
712 2299 772 2362 qno
798 2280 949 2340 violentius
974 2280 1005 2340 in
1028 2299 1079 2340 cos
1108 2279 1254 2342 fulminet:

117 2381 266 2504 fflqegc
287 2359 428 2502 pqxeriut,
451 2357 514 2420 Pax
538 2365 569 2422 ct
590 2361 740 2436 securitas,
765 2375 816 2420 eos
835 2358 937 2420 obruat
956 2360 1108 2441 wecelino
1127 2361 1255 2438 interitu,

210 2487 218 2502 ι
258 2482 268 2512 p
327 2481 336 2500 c

194 2522 223 2582 9.
246 2521 288 2580 Er
307 2527 472 2600 impingere
484 2520 604 2614 fociae!
622 2541 711 2602 uesper
729 2530 841 2604 seipsos
859 2520 998 2603 linguosa
1015 2543 1111 2582 ersom
1150 2517 1254 2580 Prose-
1306 2561 1309 2572 ·
1362 2535 1364 2543 ⁴

114 2600 214 2679 quitur
232 2598 350 2660 eandem
369 2605 553 2658 sentcmrama
573 2600 623 2680 qui
660 2599 876 2660 nidreneoicn
918 2607 971 2662 unt
989 2601 1019 2660 io
1038 2602 1098 2660 suis
1117 2599 1253 2675 consiliis,

114 2687 145 2738 ct
164 2678 260 2759 lingue
280 2695 332 2737 sua
351 2683 485 2757 egerint,
504 2677 569 2738 iore
588 2685 637 2740 tan
657 2679 779 2740 emittis
797 2699 848 2740 mo
876 2679 986 2743 'errem
1025 2677 1105 2740 ldem
1124 2679 1191 2738 alibi
1210 2679 1252 2740 di·

114 2775 198 2818 versa
218 2754 353 2838 loquendi
373 2755 463 2836 figura
483 2775 520 2816 ex
541 2757 626 2833 rimit,
646 2757 811 2820 lrrcticntnr
830 2759 889 2820 anis
908 2757 1026 2839 laqueis,
1051 2766 1080 2820 et
1099 2758 1202 2821 cadent
1221 2760 1252 2818 in

112 2839 228 2898 foveam
248 2855 335 2918 quam
354 2835 496 2909 fecerunt,
516 2777 631 2898 fralmo
651 2838 701 2913 57,
720 2838 749 2902 7.
780 2835 860 2900 Haec
877 2839 955 2900 enim
973 2839 1048 2900 irrata
1066 2843 1112 2900 est
1130 2856 1251 2912 ιιιιιοιιι,

115 2918 317 2978 otiosorum
337 2917 429 2996 capita
449 2922 612 2996 retorqueat
621 2914 703 2978 Dens
717 2917 853 2998 quicquid
872 2935 1014 2978 noxarum
1035 2917 1117 2978 bonis
1135 2923 1166 2976 et
1184 2918 1252 2978 sim·

117 2995 237 3076 plicibus
262 2997 409 3056 intentant.
450 2991 512 3056 Eut
530 3001 632 3092 'numm
654 2995 746 3092 'buius
771 2997 866 3058 iudicii
894 2997 1038 3094 permulta
1066 2995 1206 3091 quotidie·
1223 3015 1251 3056 e-

114 3073 1252 3244 aretem,transserratnrtfmsse‘ttt

114 3231 211 3295 Deum
235 3233 376 3296 ncubare
400 3254 454 3315 pro
480 3233 577 3310 nobis,
606 3242 640 3296 ut
663 3235 801 3316 quicquid
824 3235 958 3296 brutum
981 3237 1012 3298 in
1031 3255 1086 3298 nos
1104 3234 1252 3296 excudunt

112 3313 251 3396 improbi,
277 3319 424 3376 convertet
448 3315 479 3374 in
502 3333 604 3376 eorum
623 3316 793 3396 pernicicm,
818 3315 876 3376 acci
896 3315 962 3376 duta
981 3333 1070 3396 opere
1090 3315 1251 3396 praemium

113 3395 172 3490 tale
189 3401 357 3554 captasseut.
377 3393 410 3454 lu
429 3393 487 3454 fine
500 3413 601 3456 versus
619 3393 755 3464 admonet
773 3392 899 3456 notabile
917 3395 1130 3456 forerindictae
1149 3413 1249 3475 genus,

154 3492 182 3534 aa
227 3483 331 3558 ngterrt
358 3473 406 3533 ret
435 3473 617 3554 trepidabunt
645 3483 809 3557 qrrtcorque
830 3475 948 3553 suerint
976 3483 1040 3538 abac
1142 3485 1249 3536 utores

142 3571 188 3613 am
212 3573 303 3634 quum
326 3555 515 3615 caecutientes
540 3553 688 3614 bominum
712 3555 812 3614 oculm
837 3555 1041 3634 praeterfluunt
1090 3555 1116 3616 ei
1135 3555 1249 3628 indicia,
1340 3585 1342 3592 v

112 3633 237 3714 insignes
261 3639 344 3694 notas
368 3639 482 3695 exstare
501 3649 617 3696 ncemm
638 3639 683 3694 cst
701 3640 735 3694 ut
757 3631 794 3694 nd
812 3639 929 3696 metum·
945 3642 975 3696 ct
992 3635 1251 3698 musternctioucm

113 3713 465 3856 enbald-mssldollfednnt
484 3797 740 3856 montenses
780 3791 918 3856 Fruamur
941 3795 991 3892 qui
1010 3813 1049 3854 cx
1068 3791 1124 3854 Dei
1142 3763 1250 3854 indicio

114 3873 277 3950 proveniet,
295 3873 407 3970 plenius
426 3873 566 3970 explicet,
585 3892 688 4014 neq?
707 3873 786 3968 quod
805 3880 933 3970 noscet
951 3874 1066 3934 insolito
1085 3873 1248 3967 spectaculo

236 3951 304 4013 iactr
323 3973 374 4034 qur
393 3971 472 4034 perus
492 3950 548 4012 Der
568 3973 621 4033 pro
669 3959 775 4016 sutram
794 3973 848 4034 pro
867 3953 956 4014 mbrlo
976 3952 1127 4025 ducebant,
1144 3951 1248 4012 mcbus

113 3967 193 4164 espinei
213 4049 292 4092 erare
310 4033 446 4174 incipient
464 4032 544 4128 ‚quod
563 4033 642 4128 prius
661 4033 716 4094 illis
735 4041 798 4094 erat
816 4033 1008 4129 incognitum,
1030 4041 1063 4128 ut
1087 4033 1175 4128 etiam
1191 4031 1248 4128 ,ott

113 4112 755 4282 ii'⁸„¹fss”lsm⁰‘,¹l⁸ni¹ii‚'¹ii⁸cbi
772 4112 971 4272 matt
988 4118 1248 4252 elambat

60 4357 65 4377 ἱ
112 4272 332 4407 plungtsscppctoe
350 4269 489 4410 bpnqpcs.
529 4270 621 4332 Porro
641 4293 732 4370 qpum
752 4271 877 4388 verbum·
892 4241 981 4342 ¹72&
992 4291 1041 4412 ἐπὶ
1049 4270 1248 4351 coniugatione

142 4367 171 4427 rp
263 4365 292 4408 m
318 4367 374 4410 neu
388 4359 484 4411 rsrtcr
504 4370 591 4430 quam
615 4359 707 4412 cctrve
730 4358 876 4412 summur-
900 4371 953 4492 1ιΙΙΙιιι
972 4369 992 4409 v
1042 4369 1092 4412 um
1115 4357 1249 4410 neutrum
1320 4415 1327 4420 ,

111 4443 174 4487 caso
193 4426 309 4504 volunt,
328 4427 407 4492 bunc
424 4431 541 4493 obuium
560 4449 691 4508 sensum,
712 4430 898 4512 (legenturv
930 4451 967 4512 go
986 4449 1140 4513 agnoscere
1158 4427 1249 4495 homi·
