2804 4890
458 277 503 320 ru
529 273 690 318 estus.
716 233 828 334 prxlrrn.
1050 291 1052 299 ,
1157 277 1212 336 251

64 401 196 484 prena
216 399 328 482 nuque
345 397 483 460 munros
516 395 626 460 ursan
645 397 757 462 nunu
775 381 891 482 insignit
911 401 1009 476 unu,
1027 401 1132 482 qnam
1150 409 1213 468 nn

64 486 148 556 vitae
168 489 286 542 nostrae
308 479 447 561 perfectio
466 480 637 552 continetur,
656 479 782 560 primurn
801 483 877 542 euim
896 487 951 558 est,
971 479 1111 543 ntDausn
1129 503 1211 546 rove-

64 561 334 632 antecedamus,
358 559 459 620 deinde
483 559 638 620 utinteuti
663 560 753 618 simus
776 559 888 621 ineius
911 562 1039 642 gratiam.
1077 559 1116 623 Et
1134 571 1212 626 carte
1330 557 1332 564 ’

64 641 244 724 hypocritae
263 641 395 720 quamvis
413 638 501 734 iidem
519 637 614 734 plenis
632 637 730 698 baccis
748 637 862 710 iactent,
882 659 1029 720 nunquam
1049 642 1212 704 taruenllei

64 720 234 782 bonitatem
252 719 300 780 rel
319 737 437 780 summas
455 718 542 778 labus
560 723 721 799 gustarunt,
740 719 1040 800 ntabeocxspectent
1058 723 1138 802 qnod
1157 723 1212 784 sibi
1254 739 1257 749 ¹

64 820 192 862 necesse
215 806 269 860 cst.
308 795 408 892 Quod
421 801 518 858 auttm
541 799 572 858 in
596 796 655 858 Dei
677 797 787 892 cultum
811 807 841 896 et
864 802 1053 897 reverentiam
1078 821 1110 862 se
1133 809 1213 864 totos

65 877 572 1041 tttrlltttltttt‘ttt
588 877 1212 1064 lel‘nll'fi'llilrllil‘ffildd'wlm

165 1161 220 1230 20.
241 1159 357 1226 Anima*
376 1165 485 1224 nostra
507 1165 670 1248 exspectat
690 1150 857 1226 chovnm:
884 1155 1036 1226 auxilium
1058 1169 1214 1246 nostrum,

67 1278 107 1336 et
128 1275 260 1334 acutum
280 1275 428 1333 nostrum
448 1263 518 1356 ipae
539 1271 599 1332 est.
633 1263 687 1332 21.
709 1261 803 1334 Certe
825 1263 858 1330 in
879 1263 951 1356 ipso
972 1263 1137 1334 laetabitur
1158 1291 1215 1334 cor

66 1382 240 1456 nostrum,
272 1371 345 1462 quio
371 1370 406 1438 in
430 1369 561 1438 nominc
575 1379 696 1438 nancto
724 1367 793 1436 eius
820 1369 1028 1460 sperabimus.
1081 1372 1136 1438 22.
1153 1371 1216 1441 .sit

66 1476 289 1547 misericordia
316 1487 372 1546 tua
391 1499 494 1571 *super
514 1469 597 1562 nos,
622 1473 755 1560 lebova,
783 1476 1054 1568 quemadmodum
1081 1477 1215 1572 speravi-

68 1609 152 1654 mus
173 1583 207 1652 in
228 1594 272 1654 tc.

157 1757 209 1818 20.
227 1757 343 1816 Animo
360 1761 474 1815 nostru.
513 1750 659 1833 Quicquid
678 1750 816 1816 hactenus
840 1751 876 1813 de
893 1751 1073 1849 providentia
1086 1723 1159 1828 *Dei
1179 1773 1215 1816 ac

71 1834 244 1918 praesertim
263 1834 352 1908 fideli,
368 1832 763 1914 quasuostnctuncuslodia,
783 1832 924 1908 disseruit,
943 1848 1002 1894 non
1016 1839 1103 1894 tama
1122 1835 1216 1914 seipso
1329 1833 1333 1844 '

97 1915 214 1987 τοῑαΙίΙ,Ι
228 1932 314 1994 qnam
335 1932 373 1972 ex
392 1932 443 1972 ore
461 1911 584 1994 Spiritus
604 1912 702 1972 sancti.
741 1909 825 1972 Nunc
845 1931 914 1973 vero
937 1914 969 1974 in
988 1931 1109 1993 persona
1127 1917 1216 1976 totins

72 1937 224 2054 latetur
243 1993 372 2066 succinit,
391 1991 461 2052 nihil
480 2011 543 2054 esse
561 1991 663 2052 melius
683 2009 770 2070 qnam
780 1991 898 2052 mutem
917 1999 1044 2052 nostram
1054 1991 1119 2052 Deo
1138 2013 1216 2052 ccm-

75 2077 203 2170 mittere:
240 2071 287 2132 lta
305 2071 437 2132 vidnnus
456 2071 581 2133 fructum
606 2072 758 2168 superioris
783 2071 935 2146 doctrinae⁸
951 2073 1061 2168 punctis
1080 2071 1217 2168 fidelibus

73 2157 384 2294 ffillnlnffll'i
402 2150 965 2328 ‘iffillillldlillill'd
976 2167 1231 2316 ililpiplli

75 2319 216 2386 testatur,
240 2309 290 2372 scd
314 2311 368 2372 sibi
391 2313 454 2392 pios
478 2331 577 2374 omnes
600 2310 729 2392 adiungit
751 2311 782 2370 in
804 2311 931 2372 eiusdem
949 2309 1018 2371 fidei
1036 2327 1217 2374 consensurus

74 2411 113 2452 ac
132 2391 237 2452 subest
256 2389 398 2472 emphasis
416 2393 447 2452 in
466 2411 538 2452 voce
556 2392 690 2454 Animaer
711 2391 778 2472 quia
797 2391 850 2450 atsi
870 2390 1006 2452 Hebraeis
1026 2392 1091 2452 trita
1111 2398 1155 2452 est
1174 2391 1217 2452 la-
1311 2427 1317 2436 -
1350 2401 1353 2417 ⁵

75 2473 199 2552 quatio,
217 2473 324 2532 actium
342 2477 439 2532 tamen
458 2473 590 2532 allectum
610 2473 758 2552 exprimit:
778 2471 836 2530 acsi
855 2471 982 2530 dicerent
1000 2469 1107 2545 fideles,
1126 2489 1157 2532 sc
1174 2471 1217 2532 in·
1275 2523 1278 2532 ,

78 2558 163 2692 “bem
183 2570 220 2612 ac
236 2551 349 2690 sincero
369 2551 456 2612 corde
465 2553 605 2634 respicere
624 2549 769 2628 inDeum,
789 2551 856 2632 quia
868 2558 959 2612 ecura
977 2559 1005 2611 et
1025 2554 1133 2614 austes
1151 2551 1217 2618 loos

75 2633 100 2693 si
120 2635 130 2692 i
150 2649 217 2692 csse
256 2637 350 2692 urant

157 2715 210 2774 21.
232 2713 316 2772 Certo
338 2717 372 2772 ia
390 2718 457 2792 ὄρσο
480 2711 647 2772 Multae.
686 2709 763 2792 Quia
823 2709 923 2772 rticnla
944 2712 985 2782 t:
1010 2729 1085 2791 quac
1108 2709 1156 2772 bio
1174 2709 1219 2772 bis

76 2792 232 2872 ropetitur,
251 2792 331 2851 varie
349 2792 472 2852 sumitur
495 2791 571 2873 apud
591 2791 751 2867 fleturus,
794 2792 883 2872 uplcx
901 2797 996 2872 potest
1021 2809 1084 2852 asca
1107 2809 1217 2850 mneos.

74 2869 155 2932 llam
174 2871 342 2951 siccoque
360 2871 490 2933 membro
509 2871 680 2934 affirmative
699 2873 878 2950 exponimus,
898 2878 957 2930 tam
972 2871 1009 2932 ds
1027 2887 1081 2930 sna
1099 2868 1217 2944 laetitio
1250 2937 1254 2949 .

120 2969 170 3010 am
191 2949 228 3012 dc
247 2969 298 3031 spa
318 2951 513 3032 glbriabuntur
532 2951 640 3028 fideles,
655 2957 714 3012 'nec
738 2949 807 3010 mibi
826 2949 968 3029 displicet,
992 2969 1052 3010 uuo
1071 2949 1219 3022 contdxtu,
1341 2971 1347 2986 ⁸

76 2971 217 3091 dlltincm
235 3036 332 3090 umen
351 3029 422 3089 baec
442 3031 499 3090 dno
518 3033 626 3106 nturi,
646 3031 732 3094 Certe
751 3027 831 3090 Dens
855 3049 968 3110 semper
990 3035 1089 3090 nustm
1112 3028 1220 3089 laetitia

77 3111 145 3185 erit,
166 3115 244 3170 certe
262 3127 376 3170 sanum
394 3109 456 3168 eius
475 3119 582 3170 nomeu
600 3111 688 3170 instar
707 3113 780 3172 arcis
798 3110 920 3170 invictae
939 3107 1023 3168 nobis
1046 3110 1102 3170 crit
1119 3107 1157 3168 ad
1176 3127 1220 3170 rc-

79 3191 203 3271 logimn.
242 3187 326 3249 Unde
349 3187 426 3248 euim
448 3185 484 3247 tit
507 3189 589 3248 utin
608 3187 665 3250 Dei
688 3191 868 3250 invocatione
887 3194 1050 3250 constanter
1068 3189 1221 3269 peruistrmt

77 3270 194 3342 fideles,
213 3269 268 3328 nisi
308 3268 356 3328 uia
374 3268 435 3328 cina
455 3268 545 3348 gratia
563 3269 699 3344 conteuti,
718 3270 748 3328 in
766 3270 879 3328 tristitia
898 3276 927 3330 ct
946 3287 1079 3330 moerore
1097 3269 1221 3328 retinent

76 3350 219 3410 solatium
237 3289 313 3410 und
333 3347 412 3428 quod
432 3365 533 3408 aarum
552 3345 727 3408 abenne-
746 3347 1019 3408 aestimati-Probe
1038 3347 1125 3428 igitur
1142 3345 1220 3408 affir-

77 3436 163 3490 mant
184 3429 279 3509 priore
302 3426 368 3488 loco
388 3426 486 3486 fideles
510 3447 562 3490 cor
580 3447 664 3488 anum
681 3429 782 3490 laetari
800 3429 829 3487 in
849 3425 986 3500 Domino,
1026 3429 1073 3486 uia
1091 3447 1150 3488 nou
1170 3445 1219 3488 va-

79 3516 189 3590 gantur
208 3515 274 3589 post
297 3505 396 3566 mundi
416 3505 576 3582 illecebras,
596 3514 629 3568 ut
647 3529 700 3589 pro
719 3507 798 3568 varia
817 3507 948 3568 fortunae
966 3449 1148 3568 inclinatione
1166 3525 1220 3566 nn

80 3595 145 3650 tent
166 3601 201 3648 tc
219 3588 362 3660 vacilleut,
381 3586 432 3646 sed
452 3587 482 3646 in
501 3588 624 3668 gratuito
643 3595 673 3648 ct
690 3595 809 3668 paterno
819 3585 876 3647 Dei
895 3587 993 3648 favore
1011 3592 1103 3646 tutam
1121 3585 1221 3646 beatae

80 3671 160 3728 vitas
184 3665 325 3728 mmmain
350 3665 509 3728 includunt.
549 3665 661 3726 Deinde
684 3667 808 3728 secundo
832 3666 954 3741 addunt,
981 3689 1158 3749 sospem
1186 3675 1221 3728 a'a

79 3756 203 3809 aonam
221 3755 325 3809 mado
344 3755 417 3808 eins.
455 3745 489 3806 Si
508 3751 606 3806 temen
624 3747 790 3826 partientem
810 3749 849 3815 Ψ.)
870 3745 1018 3806 causaliter
1040 3747 1168 3828 accipere
1186 3743 1221 3806 li·

80 3827 167 3902 bect,
189 3845 250 3886 non
269 3829 365 3900 prinus
384 3833 451 3908 apto
470 3831 500 3886 et
519 3827 657 3887 concinne
676 3845 775 3888 sensus
793 3827 873 3900 fluet,
892 3824 970 3903 Quia
988 3845 1053 3906 spes
1072 3833 1170 3888 nostra
1189 3827 1221 3886 in

82 3906 151 3968 Deo
173 3904 349 3980 deduscit,
368 3926 428 3966 non
448 3906 538 3968 decrit
561 3907 623 3988 ipsc
647 3907 707 3966 suis
729 3905 866 3987 partibus,
890 3906 960 3986 quin
978 3923 1133 3986 perennem
1151 3925 1221 3986 gan·

84 3988 124 4048 dii
149 3987 299 4048 materiem
329 3987 499 4068 suppeditet.
544 3985 583 4046 Et
607 3993 684 4046 certe
709 3986 881 4066 experientia
905 3987 1062 4060 convincit,
1090 4003 1221 4046 moerore

85 4067 172 4128 obrui
192 4065 331 4141 homiues,
351 4073 381 4126 et
399 4067 430 4126 in
449 4065 536 4139 curis,
554 4065 708 4141 doloribus,
728 4066 906 4126 otanxietate
924 4065 1076 4137 tabescere,
1096 4071 1129 4124 ut
1147 4084 1221 4129 rner-

83 4146 186 4208 ecdcm
206 4165 275 4207 sure
300 4147 434 4207 vanitatis
453 4152 615 4227 reportent:
639 4148 707 4228 quia
731 4146 802 4206 nihil
825 4145 967 4206 difficilius
985 4150 1029 4206 cst
1048 4161 1136 4224 quam
1155 4161 1221 4225 spes

83 4245 187 4288 corum
208 4225 339 4288 nniDeo'
352 4227 479 4307 astringi,
497 4245 535 4288 nc
554 4226 700 4287 exsultent
718 4226 748 4284 in
766 4224 913 4286 fallacibus
932 4226 992 4286 suis
1010 4222 1161 4284 blanditiis.

166 4309 216 4370 22.
235 4311 284 4368 su
303 4308 509 4368 nimicordio
528 4315 591 4368 luo.
620 4305 770 4367 Clauditur
787 4305 902 4366 tandem
912 4303 1224 4384 Psalmuspmcalionc,

85 4405 176 4468 quam
196 4385 344 4470 Propheta
362 4387 479 4471 piorum
497 4389 626 4450 omnium
643 4385 758 4450 nominc
777 4386 909 4467 mneipit,
928 4391 963 4448 ct
980 4384 1073 4468 reipsa
1092 4383 1224 4459 scebant,
