2854 4886
1415 127 1416 222 l

176 250 212 310 14
601 255 620 298 ι.
647 255 889 300 cervinus
1119 283 1120 294 ι

1415 361 1416 384 l

177 378 273 438 solum
304 378 495 460 precationum
524 397 654 439 enarum*
672 389 782 462 partem
811 383 868 443 hoc
892 382 1008 444 Psalmo
1035 385 1221 466 complexum
1246 404 1341 446 esse.

179 457 268 537 Qraod
287 458 324 534 de
343 457 491 530 adulterio,
509 463 540 518 et
559 459 678 520 scelesta
698 459 783 522 Uriae
801 463 964 544 proditione
983 477 1107 546 poenum
1123 464 1205 524 Deus
1225 483 1342 524 sume-

180 539 244 614 bat,
267 557 327 598 uon
351 537 467 598 dubium
491 543 537 598 est
555 538 689 618 gravibus
708 541 834 620 dirisque
853 543 940 602 animi
960 545 1109 604 tormentis
1129 545 1209 603 initio
1230 545 1342 603 luisse

179 619 380 691 conspicium,
404 617 455 678 sed
480 623 633 698 postquam
658 619 824 681 humiliatus
844 641 942 682 coram
962 621 1027 682 Deo
1047 624 1174 682 animum
1194 623 1342 708 collegit,

176 705 274 759 ¹certus
298 697 334 758 de
356 699 506 777 impetrata
527 698 622 770 venia,
646 697 743 762 Deum
764 719 853 760 osne
871 709 1073 784 parteseoure
1092 704 1210 777 statuit,
1230 723 1340 784 quem
1415 705 1416 796 l

51 851 54 856 Ι
179 777 286 840 sciebat
309 779 387 858 regni
411 777 455 836 stri
479 795 592 856 semper
615 776 678 838 lore
697 779 863 860 praesidem.
904 779 952 843 De
970 781 1031 842 filio
1051 789 1148 842 autem
1167 789 1258 842 toturn
1286 803 1338 842 ue
1415 803 1416 850 l

179 859 241 919 eius
260 856 381 918 faotione
399 863 573 936 conquestus
592 863 649 917 est:
675 860 744 939 quio
763 849 869 920 sitiebat
888 879 938 921 eos
957 861 994 921 ad
1014 859 1241 936 labefactandum
1298 864 1336 922 ei
1415 881 1416 890 ¹

178 937 326 998 decretum
349 937 387 996 im
408 937 435 996 io
452 936 609 1016 insurgere.
642 935 685 997 lta
704 939 728 997 si
748 939 864 1018 quondo
883 937 965 1000 Dens
984 939 1122 1022 improbis
1142 947 1172 1002 et
1191 942 1333 1002 coelestin

139 1071 141 1079 ,
178 1015 342 1078 horninibus
360 956 469 1076 edne
487 1016 667 1096 castigmdos
681 1023 818 1098 tanlquam
831 1019 949 1098 llagellie
963 1025 1070 1099 utatur,
1090 1039 1206 1080 causam
1220 1025 1331 1102 primo

177 1095 339 1178 expendere
357 1096 498 1169 convenit,
516 1094 586 1154 uilril
606 1097 714 1162 seilicet
732 1117 786 1158 uos
805 1101 923 1178 perpeti,
938 1099 1022 1180 ,qarod
1040 1119 1100 1160 uon
1116 1101 1264 1180 promeriti
1283 1103 1328 1160 si-

177 1195 257 1236 mus:
276 1183 310 1237 ul
328 1175 398 1236 hoec
416 1175 562 1236 meditatio
576 1193 630 1236 nos
644 1176 680 1235 ad
695 1177 896 1257 poenitentiam
911 1179 1029 1238 erudiat.
1057 1177 1167 1238 Verum
1181 1179 1207 1238 si
1220 1177 1330 1242 Deum

178 1256 381 1336 potiusquam
400 1273 454 1314 ooo
474 1261 640 1336 oppugnant
658 1255 771 1331 hostes,
795 1259 930 1318 continuo
951 1265 1018 1338 post
1037 1258 1171 1330 succedat
1189 1257 1262 1319 haee
1285 1259 1326 1320 li·

178 1335 271 1409 ducia,
290 1337 352 1396 eius
369 1334 510 1414 praesidio
531 1355 584 1394 nos
603 1333 665 1394 lore
684 1335 789 1408 salvos,
810 1338 891 1396 cuius
912 1339 1032 1419 gratiore
1051 1357 1126 1418 quoe
1145 1337 1229 1398 nobis
1247 1359 1323 1421 pro·

179 1415 265 1476 missa
283 1421 500 1494 cst„eperuuut
518 1415 559 1474 illi
578 1421 608 1476 et
626 1414 798 1476 ooncultont.

266 1571 299 1638 2.
320 1569 469 1654 Domine,
484 1594 581 1662 quarn
597 1569 795 1662 multiplicati
811 1581 887 1639 sunl
903 1593 1110 1664 oppressores
1122 1575 1199 1642 meir
1221 1575 1316 1642 mulli

177 1679 344 1768 insurgunt
363 1687 470 1744 eontra
492 1701 553 1746 me.
593 1675 626 1742 3.
642 1674 735 1743 Multi
758 1676 867 1771 dieunt
888 1673 1011 1746 animae
1034 1702 1142 1764 mene,
1168 1679 1238 1746 lllon
1260 1691 1315 1750 est

150 1873 153 1882 Ι
177 1781 263 1850 solus
284 1781 345 1874 ipsi
364 1781 398 1848 in
420 1781 503 1850 Deo.
547 1779 653 1850 Selah.

257 1923 352 2010 Docet
371 1925 459 1990 Socra
483 1927 603 1989 historia
628 1945 686 1988 non
711 1929 798 1990 modo
823 1931 900 2012 regia
926 1935 1067 2012 potestate
1086 1935 1206 1990 exutum
1225 1929 1317 1990 luisse

164 2006 333 2084 Davidem,
357 2009 407 2069 sed
431 2009 467 2068 alr
487 2004 618 2070 omnibus
646 2008 705 2067 lere
730 2009 887 2070 desertum:
911 2017 945 2070 ut
968 2011 1086 2070 lotidem
1111 2011 1170 2070 lere
1195 2009 1316 2070 haberet
1378 2005 1385 2016 ’

176 2089 283 2163 hostes,
344 2097 374 2148 ot
383 2088 519 2148 subditos.
549 2088 724 2168 Quanquam
739 2091 815 2147 enim
829 2089 983 2168 prologum
999 2091 1125 2150 comitali
1141 2096 1209 2148 sunt
1226 2091 1313 2170 pauci

136 2203 139 2214 ν
174 2169 291 2250 quidam
321 2168 409 2229 rdeles
428 2169 520 2238 amici,
539 2189 597 2228 non
617 2174 675 2226 lam
695 2185 796 2230 eorum
816 2169 954 2244 custodio,
975 2189 1061 2250 quum
1077 2169 1178 2228 deserti
1195 2169 1315 2228 latebris

176 2256 257 2308 tutus
277 2251 374 2308 evasit.
395 2247 494 2326 Quom
512 2267 571 2309 uon
582 2250 686 2308 mirum
702 2253 753 2322 est,
774 2246 947 2320 obiectailla
957 2247 1138 2308 multitudino
1153 2247 1239 2308 inisse
1254 2255 1313 2308 ter-

175 2329 276 2391 ritum:
297 2329 364 2408 quia
384 2327 453 2387 nihil
472 2329 561 2410 magis
580 2327 758 2408 inopinatum
772 2327 902 2388 accidere
938 2329 1019 2402 oluit,
1039 2346 1126 2408 quam
1143 2335 1202 2388 tom
1217 2327 1314 2389 subito
1415 2353 1416 2370 ι

176 2407 306 2468 delectio.
352 2407 410 2466 Sed
434 2425 515 2467 rurae
539 2405 605 2467 fidei
629 2409 741 2487 signnm
761 2407 829 2482 init,
854 2349 935 2488 quod
952 2413 1033 2468 tanto
1053 2413 1132 2466 metu
1151 2407 1315 2488 perculsos,
1415 2439 1416 2442 ¹

175 2487 380 2570 querimoniam
401 2505 483 2548 suam
501 2487 530 2546 iu
550 2485 607 2546 Dei
626 2487 718 2548 sinum
738 2487 881 2568 deponere
901 2506 986 2548 ausus
1006 2494 1059 2548 est.
1099 2485 1137 2546 Et
1156 2493 1234 2554 certe
1253 2485 1313 2549 lroc
1415 2505 1416 2508 ’

175 2568 292 2628 unicum
316 2565 445 2626 sedandis
469 2567 573 2626 nostris
596 2564 745 2626 timoribus
772 2565 930 2627 remedium
949 2573 1006 2641 est,
1032 2567 1082 2648 qui
1140 2566 1168 2624 'd
1187 2586 1241 2626 uos
1261 2585 1312 2627 cn-
1415 2577 1416 2582 ’

175 2665 273 2706 rarum
297 2647 391 2726 ungit,
417 2647 448 2706 in
467 2665 534 2706 eum
553 2647 681 2706 relicere:
706 2648 788 2706 sicuti
814 2647 938 2708 vicissim
964 2647 1012 2726 qui
1039 2665 1111 2706 see
1150 2665 1187 2706 co
1206 2647 1312 2728 respici
1380 2713 1385 2720 ,

176 2747 235 2786 non
279 2732 375 2798 etant,
396 2731 554 2806 prostratos
573 2725 665 2786 iacere
685 2745 799 2786 necesse
818 2731 872 2786 est.
912 2723 1024 2786 Deinde
1048 2725 1173 2786 hostium
1191 2743 1313 2786 snorum

176 2825 248 2888 eupo
282 2806 338 2865 iam
362 2805 466 2865 darius
490 2811 521 2866 et
544 2807 634 2886 magis
653 2805 811 2888 emphatice
829 2805 978 2886 exprimit,
1003 2805 1081 2886 quod
1101 2805 1154 2864 sibi
1172 2805 1311 2866 insultent

176 2893 314 2966 tanquam
336 2885 448 2966 perdito
472 2903 507 2946 ac
531 2885 689 2966 desperato.
730 2885 880 2966 Significat
904 2892 1000 2944 autem
1024 2885 1090 2944 inde
1109 2883 1165 2944 illis
1185 2887 1311 2946 crevisse

176 2965 339 3038 audaciam,
364 2967 432 3044 quia
456 2963 559 3026 oDeo
584 2963 726 3026 abiectum
751 2984 813 3026 esse
832 2964 1015 3026 confiderent.
1057 2963 1142 3023 Forte
1159 2965 1246 3024 etiam
1265 2963 1310 3024 his

173 3045 268 3106 verbis
287 3044 403 3126 oblique
421 3051 538 3106 notatur
557 3063 657 3105 eornm
676 3045 815 3125 impietas,
834 3045 913 3126 quod
932 3064 985 3125 pro
1000 3043 1089 3104 nihilo
1104 3043 1238 3104 ducerent
1252 3041 1308 3102 Dei
1415 3081 1416 3088 ι

175 3123 312 3186 auxilium
336 3125 365 3183 in
386 3123 479 3208 Rege,
504 3143 590 3204 quem
610 3123 747 3204 elegerat,
772 3125 922 3184 servando.
962 3121 1059 3203 Atque
1078 3121 1135 3183 hoc
1154 3121 1307 3183 seeundum

174 3205 265 3285 megia
284 3203 431 3285 probabile
449 3210 507 3264 est:
529 3223 623 3282 neque
647 3204 723 3263 euim
741 3202 879 3264 Absalom
899 3201 956 3263 Dei
979 3201 1109 3263 levorem
1127 3202 1180 3262 sibi
1200 3202 1306 3284 pollici·

176 3293 222 3346 los
241 3289 294 3356 est,
312 3283 363 3342 eod
381 3283 534 3364 praeterita
553 3283 613 3342 eius
633 3285 758 3358 rationo,
787 3281 935 3344 victoriam
954 3302 992 3344 ex
1010 3283 1070 3342 suis
1088 3281 1195 3344 viribus
1215 3301 1308 3363 spera·

175 3366 225 3425 vit.
265 3361 361 3422 David
384 3381 452 3442 ergo
472 3381 538 3422 oum
557 3368 587 3422 et
605 3362 731 3442 reliquos
750 3363 789 3422 ilo
808 3363 958 3442 loquentes
979 3361 1110 3422 consulto
1129 3361 1252 3438 inducit,
1278 3367 1310 3422 ut

175 3441 306 3505 ostendat
324 3443 441 3508 mmani
459 3448 490 3502 et
508 3439 628 3501 barbaro
649 3439 705 3502 Dei
724 3449 836 3501 contem
859 3449 891 3502 tu
910 3443 939 3501 in
959 3441 1087 3502 furorem
1103 3443 1231 3512 animari,
1251 3441 1307 3502 acsi

175 3541 281 3603 sueque
301 3521 393 3660 depae
412 3521 547 3582 ducerent
566 3521 645 3616 quod
665 3522 749 3581 toties
768 3463 933 3582 miraEiliter
948 3529 1064 3603 ereptus
1077 3527 1153 3582 esset
1166 3541 1204 3580 ex
1219 3522 1307 3581 maxi·

174 3603 229 3664 mis
249 3603 327 3682 peric
357 3603 390 3660 is.
414 3599 488 3661 Nam
507 3601 560 3660 etei
578 3601 658 3682 rmpii
676 3600 745 3660 dnm
765 3602 914 3682 insurgunt
933 3601 970 3661 od
988 3620 1042 3662 nos
1060 3600 1230 3684 perdendos,
1250 3621 1307 3661 noo

176 3683 270 3766 polam
280 3701 314 3741 eo
325 3681 491 3742 insolentiae
498 3687 689 3762 prorumpunt
698 3687 731 3740 ut
740 3677 797 3740 Dei
807 3679 934 3742 savorem
944 3687 1049 3762 negent
1059 3683 1213 3762 quicquam
1226 3679 1307 3741 uobis

175 3761 370 3844 profuturnm:
390 3763 457 3842 quia
475 3766 572 3820 tamen
590 3761 639 3820 vel
657 3761 788 3820 fortunae
807 3759 937 3821 tribuunt
952 3763 1057 3835 omnio,
1077 3760 1124 3820 vel
1137 3766 1170 3820 ut
1185 3762 1306 3840 quisque

175 3841 282 3902 viribus
323 3841 405 3916 ollet,
429 3857 497 3900 cum
515 3845 641 3904 statuunt
660 3839 723 3900 lore
742 3840 895 3914 victorem,
914 3845 943 3900 ct
961 3839 1025 3900 ideo
1045 3859 1098 3936 per
1117 3837 1160 3898 las
1180 3845 1209 3898 et
1228 3839 1306 3900 nelos
1415 3875 1416 3924 g

127 3993 135 4005 κ
175 3861 328 4001 intrepride
346 3927 443 3994 rnnnt,
463 3919 542 4000 quod
560 3919 616 3978 illie
635 3919 751 4000 perinde
770 3921 807 3979 sit
817 3917 913 3979 Deum
927 3917 1031 3980 habere
1046 3926 1161 3993 rnatum,
1179 3917 1227 3980 vel
1242 3939 1305 4000 pro·
1415 3963 1416 3982 ι

195 4002 291 4061 ilium:
316 3999 383 4060 hinc
406 4006 520 4063 constat
542 3997 624 4058 nihili
648 3999 693 4058 alr.
709 3999 750 4059 cis
774 4000 915 4059 aestimari
937 3999 1013 4058 illius
1038 4000 1158 4079 gratiam
1181 4005 1211 4058 et
1234 3999 1304 4058 ludi-

175 4023 237 4142 Erio
263 4077 360 4139 haberi
384 4077 494 4153 fideles,
520 4079 578 4138 acsi
602 4077 671 4137 nihil
691 4077 853 4158 prodesset,
876 4077 928 4140 sub
947 4077 1003 4137 Dei
1023 4085 1109 4140 manu
1130 4085 1159 4138 et
1178 4078 1305 4138 custodia
1415 4073 1416 4086 ¹

174 4179 245 4222 esse.
285 4157 375 4237 Quod
394 4163 509 4218 vertunt
527 4157 657 4238 qnidam,
681 4157 765 4218 Mulli
784 4158 883 4217 dieunt
902 4159 937 4217 de
956 4159 1049 4217 anima
1069 4175 1146 4228 mea,
1165 4157 1304 4238 praesenti

174 4241 239 4300 loeo
259 4257 318 4299 non
337 4239 466 4320 quadrat.
496 4235 572 4298 Nanl
590 4238 643 4297 etsi
661 4209 688 4305 ἦ
706 4236 762 4297 hoo
778 4257 864 4298 seusu
877 4237 1018 4298 interdum
1033 4239 1144 4318 eapitur
1157 4237 1234 4317 apud
1250 4237 1303 4297 lle·

534 4317 542 4334 ·
585 4315 613 4375 'd
632 4316 792 4396 exprimere
812 4336 888 4377 nunc
903 4315 998 4376 David
1012 4317 1114 4390 voluit,
1133 4335 1236 4396 nempe
1253 4335 1302 4376 sua
1415 4359 1416 4368 ι

174 4321 285 4392 bracos,
304 4319 371 4398 plus
390 4325 492 4379 lamen'
506 4317 584 4455 alrpu

175 4399 338 4481 praecordia
368 4397 580 4478 quodammoo
608 4393 736 4476 transfigi
764 4395 891 4457 hosfium
915 4397 1050 4458 ludibriis.
1096 4395 1173 4478 Ergo
1197 4396 1302 4456 Anima
