2818 4886
1213 214 1250 284 'b

496 272 730 316 tensauro
756 249 842 318 x'vur.
920 265 926 286 '
1178 282 1231 342 127

84 391 236 456 reroDeo
255 391 373 456 fictitios
393 415 493 458 omnes
511 397 644 494 opponit:
662 397 750 460 *simol
768 405 864 460 umen
889 401 1043 480 prosternit
1061 411 1229 477 onuee‘re·
1343 397 1346 402 ’

85 494 137 570 nes
156 493 228 570 spes
249 473 355 554 quibos
373 477 499 574 mundus
517 479 727 575 circumagitur,
746 495 783 540 ne
802 477 907 540 inDeo
927 482 1096 580 acquiescet:
1126 483 1229 582 Neque

86 553 720 718 :lbrlaltrtblbrttbtttt
736 557 1229 725 libii‘32”l⁶'eile¹l³le‘¹te¹¹ll¹l

86 722 142 776 lue.
173 713 338 774 Consilium
357 721 454 776 tamen
472 718 533 777 eius
552 717 631 797 qnod
650 719 759 790 notavi,
777 719 933 779 tenendum
947 726 1004 780 eet:
1024 723 1103 801 quod
1122 726 1229 788 scilicet

85 793 222 854 omnibns
242 795 304 854 suis
322 793 451 855 hostibus
470 794 551 856 Dece
577 803 713 892 unquam
733 796 849 871 ducem,
874 798 927 858 sub
951 819 1011 880 quo
1036 803 1168 864 militavit
1186 793 1228 866 iu*-

82 873 392 1014 ffiwpoffl’
416 893 447 935 ee
469 875 541 936 nibil
565 875 715 938 libidinose
734 876 782 938 vel
807 877 882 938 melu
906 879 1079 942 conscientia
1102 889 1228 986 Qtaese

164 1036 217 1096 33
237 1035 325 1094 Dece
342 1042 394 1130 pet
408 1042 586 1115 proecinrtd
625 1034 793 1117 Metapltore
816 1043 860 1098 est
878 1037 925 1098 vel
949 1058 967 1099 a
986 1037 1081 1102 balteo
1105 1015 1228 1125 sumpta,

84 1113 132 1174 vel
151 1113 193 1172 ab
210 1115 283 1194 ipsis
302 1113 426 1188 morbus,
444 1117 474 1176 in
495 1115 599 1194 quibus
618 1115 766 1196 Scriptum
789 1116 933 1178 interdum
958 1119 1088 1199 vigorem
1112 1129 1162 1183 aot
1180 1144 1229 1184 ro·

85 1193 140 1252 bur
154 1193 246 1253 locst.
266 1191 389 1253 Perinde
407 1201 451 1259 est
470 1193 556 1275 igitur
574 1198 633 1256 ecei
652 1195 758 1257 diceret
776 1196 987 1260 sevirtuteDei
1007 1199 1094 1261 sune
1113 1201 1227 1279 fortem,
1249 1244 1252 1252 ·

88 1274 136 1353 qni
155 1259 270 1354 elinqui
291 1273 402 1368 tuturos
420 1279 481 1334 erat
501 1275 644 1336 molliret
663 1277 783 1336 mercis.
823 1274 928 1338 Postea
953 1278 989 1338 de
1009 1298 1142 1342 sncoeesu
1161 1283 1171 1342 i
1193 1301 1226 1342 so

89 1354 233 1434 loquitur:
254 1369 322 1432 qun
340 1372 400 1414 non
413 1351 561 1414 sufficeret
573 1356 673 1416 animis
691 1362 842 1436 promptos
860 1375 923 1417 esee
942 1365 972 1418 et
984 1359 1100 1434 alemes,
1119 1303 1228 1422 viribus

92 1434 174 1492 elisur
199 1432 326 1514 pollere,
349 1432 403 1492 nisi
427 1433 574 1494 accederet
604 1435 677 1511 felix,
699 1443 833 1508 eventus,
859 1455 946 1516 quem
965 1437 1077 1518 profani
1097 1439 1227 1501 homines

91 1513 135 1572 rel
154 1531 172 1572 a
192 1531 247 1572 sna
267 1511 427 1594 prudentie,
447 1514 529 1574 rel‘a
548 1515 663 1575 tortum
678 1516 829 1596 provenire
841 1515 1042 1597 imaginantur:
1063 1517 1159 1579 David
1175 1539 1225 1580 au·

92 1599 147 1652 ten
175 1595 225 1654 uui
244 1591 311 1654 Deo
332 1591 472 1654 odeoeibit.
507 1591 582 1654 Nem
600 1603 652 1656 nte
669 1615 725 1676 pro
744 1615 832 1656 eursu
851 1598 995 1656 actionum
1015 1600 1145 1677 ponitur:
1168 1599 1226 1661 ecci

89 1673 208 1748 dloaet,
223 1673 361 1755 quioquid
374 1691 504 1756 agressus
514 1679 568 1752 est,
576 1672 658 1737 Deos
668 1693 806 1757 prospere
815 1692 868 1736 suu
877 1673 1069 1770 benedictione
1079 1678 1226 1746 dbeuissc.

152 1851 160 1868 ⁸
183 1863 237 1938 34.
259 1865 387 1934 Pouens
408 1863 508 1956 pedes
529 1886 621 1932 meos
643 1863 724 1932 deut
738 1887 910 1950 cervarum,
933 1875 965 1933 et
986 1888 1082 1958 super
1102 1867 1227 1936 excelsa
1299 1953 1300 1958 ἵ

90 1995 168 2042 meo
183 1973 287 2042 sunit
306 1995 370 2041 me.
412 1971 467 2038 35.
489 1968 659 2039 instituens
686 1994 800 2040 manus
822 1995 910 2039 meas
932 1971 972 2038 ad
998 1956 1172 2063 proelium,¹
1193 1983 1227 2042 et

90 2057 383 2150 contemnentes
405 2077 577 2170 enyueus
598 2075 731 2146 uenus
746 2077 834 2146 mes.
879 2077 932 2146 ee.
955 2077 998 2146 nt
1015 2078 1125 2148 dedisti
1147 2077 1227 2154 ntur

89 2202 219 2262 eerrtum
237 2186 350 2274 salutis
370 2195 453 2270 tuae,
475 2195 507 2254 et
528 2185 657 2254 dextera
678 2195 732 2252 tua
759 2183 880 2252 fulcivit
906 2209 975 2270 me,
1002 2195 1034 2254 et
1060 2185 1226 2254 clementia

90 2311 146 2366 tna
166 2297 258 2366 auxit
277 2317 340 2362 me.
383 2291 438 2362 37.
459 2291 603 2362 Dilatasti
624 2314 750 2385 gressus
761 2315 852 2361 meos
873 2291 933 2362 sub
955 2315 1018 2378 me,
1039 2302 1158 2362 etnom
1170 2317 1226 2362 nu-

91 2415 198 2476 tarunt
218 2401 275 2471 tali
296 2400 369 2469 mci.

168 2545 375 2629 Quia-multos
394 2561 474 2606 uoce
494 2550 683 2639 occupaverat
702 2541 807 2622 David,
827 2565 901 2628 quoe
926 2545 963 2608 ob
982 2545 1104 2606 arduum
1122 2553 1152 2608 et
1172 2547 1226 2608 dit·

86 2632 196 2694 ticilem
226 2640 373 2688 occoeeum
389 2623 621 2704 inexpugnabiles
646 2624 768 2702 creditae
792 2627 919 2700 fuerant,
948 2624 1005 2686 Dei
1028 2627 1147 2706 gratiam
1170 2625 1226 2690 hoc

86 2715 116 2772 in
140 2716 224 2792 perte
243 2703 364 2768 extollit.
403 2702 477 2765 Nam
492 2707 580 2784 pedes
598 2711 674 2764 sicot
693 2727 846 2768 cernerem
865 2706 918 2768 sibi
933 2705 1013 2767 datos
1032 2707 1118 2768 lmese
1138 2707 1225 2784 dices,

85 2793 267 2854 celeritatem
285 2786 428 2846 ineobtuur
446 2789 537 2856 notat,
557 2791 586 2844 et
635 2803 668 2842 ae
686 2784 716 2844 iu
737 2785 865 2848 homines
883 2787 1049 2846 naturaliter
1067 2805 1126 2848 noo
1146 2805 1225 2848 cour·

85 2874 168 2955 petit.
210 2868 321 2930 Sensus
339 2885 407 2947 ergo
427 2869 581 2925 ostentm
616 2863 704 2922 'notio
719 2865 806 2926 modo
826 2866 912 2926 luisse
922 2863 1066 2924 Divinitos
1085 2865 1226 2940 adiutum,

87 2962 121 3014 nt
140 2954 236 3012 instar
254 2963 373 3028 coprem
390 2944 500 3026 pernici
518 2961 605 3002 cursu
623 2960 709 3024 rupee
732 2945 887 3004 inmceseos
906 2944 1125 3004 transcenderet.
1165 2943 1225 3005 Vo-

86 3039 135 3094 cat
154 3036 255 3091 antem
273 3028 388 3086 excelse
405 3033 453 3085 set
472 3041 552 3084 arces
571 3020 674 3100 quibos
683 3024 777 3084 victor
795 3025 856 3084 iure
875 3021 941 3084 belli
955 3023 1062 3102 potitus
1081 3025 1137 3082 est:
1157 3025 1226 3104 quia
1267 3079 1277 3098 „
1398 3061 1399 3068 κ

85 3101 1009 3262 norrea„

86 3274 179 3334 fuisse
199 3270 241 3328 nd
258 3269 411 3350 proclinet,
429 3263 535 3326 latetur
575 3262 699 3342 ognondi
718 3263 915 3330 dexteritatem
938 3261 991 3322 sibi
1004 3225 1125 3344 proprie
1143 3263 1225 3324 indu·

88 3354 160 3414 stria
180 3369 241 3410 non
265 3347 495 3426 susceperim,
519 3363 539 3402 v
590 3343 793 3404 exercitatione
811 3349 841 3405 et
858 3363 927 3404 usur
947 3341 998 3404 sed
1017 3341 1149 3422 obtigisse
1168 3343 1225 3404 sin·

89 3431 186 3514 gulari
204 3427 262 3489 Dei
282 3427 368 3486 dono.
407 3423 470 3485 Etsi
487 3431 583 3486 entem
593 3423 760 3504 generaliter
778 3423 835 3485 boe
853 3443 955 3486 rerum
974 3429 1028 3497 est,
1047 3421 1113 3482 vim
1126 3429 1155 3483 et
1174 3443 1224 3504 po·

88 3515 188 3573 titiam
206 3507 330 3569 bellandi
347 3523 407 3565 non
431 3505 485 3564 nisi
510 3503 546 3564 ab
570 3521 674 3564 arcano
693 3501 750 3566 Dei
772 3503 910 3566 instincto
928 3519 1005 3564 esse:
1025 3503 1161 3564 eouthuo
1180 3509 1224 3564 ta·

89 3611 159 3654 men
183 3595 258 3672 post
274 3587 398 3648 ostendit
414 3583 511 3645 David
535 3601 568 3644 ee
590 3590 704 3665 praeter
726 3603 907 3646 communem
931 3589 961 3642 et
979 3581 1113 3642 usiutem
1132 3581 1223 3646 homi·

90 3692 163 3734 nnm
182 3685 293 3734 morem
311 3666 398 3726 lutee
417 3665 453 3726 ad
473 3663 944 3726 obeunda-cedominaiortitndine
962 3661 1144 3722 instructum:
1156 3663 1225 3742 quio

91 3749 208 3814 brachia
227 3749 289 3809 eius
308 3745 345 3809 ed
352 3745 523 3828 frangendos
542 3763 625 3804 amus
645 3761 747 3806 aeneos
766 3747 835 3806 satis
852 3741 946 3808 relide
964 3739 1077 3820 luerim
1097 3738 1172 3804 Nem
1192 3748 1225 3802 ut

90 3833 180 3896 tuerit
197 3829 287 3890 bomo
306 3845 455 3900 nervosus,
472 3825 692 3890 bondlietemen
705 3823 873 3886 describitur
891 3825 953 3884 eius
971 3828 1093 3884 subus:
1113 3827 1143 3882 et
1160 3821 1224 3901 ipse

90 3911 248 3976 similitudo
266 3908 373 3990 aliquid
392 3906 517 3968 hnmana
534 3906 641 3966 virtute
655 3905 738 3964 altius
757 3905 893 3986 dmigcet.
931 3901 1068 3962 Proximo
1088 3919 1173 3962 versu
1192 3919 1224 3962 se

91 4013 152 4055 une
170 3990 229 4051 Dei
248 3991 453 4070 grabatulum
471 3994 501 4048 et
520 3985 631 4046 salvom
650 3985 738 4046 fuisse
760 3985 912 4067 praedicat.
951 3979 1024 4043 Nam
1043 3979 1099 4040 sub
1123 3981 1223 4060 clypco

91 4077 225 4136 Divinae
242 4073 350 4131 celeste
368 4065 522 4146 siguificat,
540 4065 633 4124 nisio
652 4063 717 4126 Deo
741 4065 904 4126 mirabiliter
927 4068 1056 4123 servatus
1078 4066 1167 4131 met.
1185 4058 1224 4120 ad

91 4153 203 4216 multoe
227 4149 327 4213 letales
350 4151 424 4212 ictus
449 4166 480 4209 ee
503 4147 591 4207 fuisse
614 4147 791 4226 expositum:
816 4151 903 4224 atque
926 4145 967 4203 ita
986 4141 1107 4221 clypeus
1124 4137 1223 4202 sunu
1301 4137 1307 4154 ’

90 4233 160 4308 Dei,
178 4239 209 4294 te
249 4231 350 4292 mentis
369 4228 500 4292 omuibus
518 4231 550 4288 et
567 4227 653 4288 nmio
713 4228 720 4244 '
741 4246 774 4286 us
794 4229 921 4286 munitus
939 4228 1009 4294 ereb
1028 4218 1113 4280 tacito
1132 4236 1223 4299 eppo·

90 4317 179 4375 nitor.
247 4314 291 4372 ‘us
309 4313 351 4372 rei
374 4329 490 4370 musam
512 4308 617 4368 iterum
639 4312 726 4368 reert
749 4304 784 4366 ed
809 4305 961 4386 gratuitam
979 4299 1036 4360 Dei
1058 4297 1223 4367 bonitatem,

91 4413 151 4477 qua
171 4393 240 4456 dicit
259 4411 292 4454 se
309 4398 426 4453 eodum
445 4390 541 4465 fusse
560 4387 608 4450 vel
626 4389 716 4468 magis
731 4404 766 4448 oe
779 4381 1052 4467 mepisprordctum.
1091 4375 1223 4460 Augendi
