2726 4888
417 323 749 368 russanum.
1105 326 1161 386 479
1233 333 1238 340 “

23 445 155 511 cordibus
175 451 289 524 nocuis,
310 449 457 530 proprium
477 467 540 510 ease
559 447 624 510 Dto
644 456 672 510 et
693 445 878 532 inseparabile
896 449 1030 512 exaudire
1051 469 1159 532 preces,

20 549 165 608 nunquam
184 529 346 590 excutietur
365 529 447 589 uobis
467 530 565 590 orandi
585 527 698 590 fiducie.
719 530 777 589 lam
797 549 887 612 quum
906 549 1054 610 uunquam
1074 533 1157 594 desti·

20 616 113 670 tuatrar
132 609 268 670 facultate
288 609 414 684 iuvandi,
433 609 540 669 laetum
560 615 589 670 et
604 627 774 690 prosperum
787 627 949 672 successum
965 611 1080 671 indubie
1093 629 1157 694 spes

20 689 153 750 rahimus.
184 687 243 748 Nec
262 689 356 749 minus
373 695 477 750 notatu
497 687 613 770 dignum
633 696 677 748 est
697 690 775 769 quod
795 689 933 770 sequitur,
953 691 1018 752 ideo
1037 713 1160 754 correers

20 793 130 832 omnem
149 771 192 830 od
203 771 301 838 Deum
320 779 489 832 oratam:
508 770 574 850 quia
594 771 678 828 sicuti
698 787 783 830 nemo
802 786 899 852 eoram
919 768 988 830 Deo
1004 772 1104 832 sistere
1123 793 1156 834 ae

20 850 142 924 auderet,
162 850 216 910 nisi
235 867 387 928 persuasus
405 855 482 910 esset
500 867 568 909 eum
587 848 639 912 sibi
656 847 717 908 iore
731 848 913 923 exorabilem,
933 850 972 910 ita
989 849 1037 910 nbi
1052 860 1157 932 sponte

20 931 139 990 occurrit
158 947 193 988 ac
213 929 378 1009 pronuntiat
397 947 456 988 uon
475 927 580 988 frustra
600 947 631 988 se
650 928 791 1004 invocari,
820 936 918 1009 aperta
938 937 982 990 est
1000 931 1101 1006 ianua,
1121 939 1156 994 ut

19 1009 144 1068 certatim
165 1024 264 1068 omnes
284 1008 320 1068 ad
339 1027 407 1067 eum
425 1009 580 1068 confluant.
620 1005 681 1070 Etsi
707 1011 783 1070 enim
804 1007 844 1088 hy
884 1010 972 1070 caue
991 1015 1020 1070 o
1040 1011 1155 1091 proieci

19 1090 155 1162 homines,
175 1088 244 1148 dum
259 1089 424 1148 necessitate
440 1093 586 1168 urgentur,
605 1093 673 1148 uota
687 1087 716 1148 iu
732 1095 829 1168 aerem
849 1088 969 1149 rudunt:
990 1087 1153 1152 hoctamen

19 1189 68 1228 nou
93 1176 138 1228 est
158 1167 194 1226 ad
214 1167 310 1227 Deum
329 1185 402 1228 vere
416 1168 560 1241 accedere,
580 1167 629 1228 uhi
648 1167 716 1228 fidei
735 1169 931 1229 certitudinem
950 1189 1009 1230 nou
1028 1170 1155 1236 alluunt

19 1271 49 1308 er
64 1247 125 1308 Dei
140 1246 229 1307 verbo
249 1254 426 1328 conceptam,
445 1247 495 1308 sed
510 1245 634 1329 pendent
652 1246 689 1308 ab
708 1250 920 1330 exspectatione
939 1247 1049 1310 fortuiti
1068 1269 1153 1312 even-
1200 1313 1206 1325 ⁸

19 1337 66 1388 tus.
89 1327 277 1388 Praeluceant
291 1347 360 1408 ergo
374 1325 431 1386 Dei
445 1327 646 1408 promissiones
661 1347 776 1388 necesse
788 1335 840 1395 est,
860 1333 892 1388 ut
912 1329 959 1390 via
978 1330 1032 1388 rite
1052 1331 1154 1392 orandi

19 1415 122 1490 proteat,
142 1409 210 1488 quia
229 1407 284 1467 illis
304 1406 431 1478 sublatis,
451 1405 635 1488 prohibemur
653 1421 671 1467 a
687 1403 743 1468 Dei
763 1425 888 1484 acumen,
907 1407 1088 1470 sternuere
1107 1429 1152 1470 or·

18 1491 113 1548 dinem
133 1489 231 1547 statuit
244 1485 352 1548 Paulus
372 1483 557 1568 adEphesios
576 1495 613 1547 ca
631 1488 669 1546 ite
688 1489 783 1561 tertia,
804 1492 851 1550 12.
871 1495 905 1548 ut
922 1490 1052 1570 quisquis
1069 1508 1151 1552 auce·

18 1570 80 1628 dere
103 1567 138 1628 ad
156 1565 253 1628 Deum
273 1568 367 1648 cupit,
385 1567 529 1648 praeditus
548 1569 586 1626 sit
604 1507 661 1628 lire
680 1585 732 1682 per
752 1567 914 1638 Christum,
934 1587 1008 1650 quae
1027 1589 1095 1630 eum
1114 1569 1152 1630 ad

18 1649 149 1709 fiduciam
169 1647 281 1708 animet.
321 1645 397 1707 Hinc
416 1645 587 1728 colligimus,
612 1667 739 1728 regnam
759 1647 892 1728 precandi
911 1649 1020 1708 nullam
1039 1669 1101 1710 esee
1120 1651 1151 1709 iu
1236 1658 1242 1668 “

18 1727 51 1788 Pa
99 1733 137 1803 tn,
156 1727 205 1788 ubi
225 1727 369 1808 suspensis
388 1731 418 1787 et
438 1725 530 1786 dubiis
549 1727 651 1788 animis
672 1745 784 1808 semper
802 1726 899 1788 Deum
918 1735 1009 1790 orant,
1037 1727 1152 1790 inaesti-

19 1747 120 1870 mabile
137 1815 233 1870 autem
252 1826 365 1888 semper
383 1811 429 1867 est
446 1807 627 1887 privilegium
646 1805 704 1866 hoc
722 1807 801 1888 (prod
815 1805 1063 1888 perEvaugelium
1082 1829 1151 1870 eon·

21 1889 175 1969 sequimur,
199 1893 232 1947 ut
254 1885 326 1946 liber
350 1885 433 1948 uobis
456 1884 493 1946 ad
512 1884 610 1947 Deum
628 1885 771 1968 ingressus
791 1895 893 1968 pateat
933 1885 1058 1948 Omnem
1078 1908 1150 1948 vero

22 1987 131 2028 earnem
149 1967 315 2049 generaliter
333 1968 484 2027 nominans
502 1964 661 2048 Propheta,
686 1965 810 2028 breviter
828 1967 949 2042 indicat,
974 1968 1053 2048 quod
1080 1974 1150 2028 tuuc

20 2047 156 2128 singulare
184 2053 247 2107 erat
270 2045 395 2120 ludaeis,
423 2045 667 2186 lpmfppiquancqo
697 2047 808 2106 eunetis
832 2046 964 2128 gentibus
988 2066 1151 2108 commune.

18 2129 474 2302 Atqnputp‘pppepppvqrmep'tmp
496 2143 924 2293 Nohmoanuerithhgpbbpulum
943 2205 1021 2268 falsis
1041 2207 1148 2278 calum,
1172 2257 1179 2272 .

17 2291 65 2349 niis
138 2290 206 2364 vari,
225 2288 275 2347 sed
295 2286 459 2369 simpliciter·
477 2285 582 2347 latetur
600 2287 763 2368 iniquitates
781 2305 844 2348 esse
863 2286 1012 2348 obstaculo
1036 2291 1149 2369 quomi-

16 2389 66 2428 nus
118 2385 168 2428 eus
187 2387 241 2449 pro
260 2385 341 2427 more
359 2365 471 2428 facilem
490 2385 521 2426 se
540 2371 570 2427 et
588 2365 745 2426 humanum
765 2365 875 2428 ludaeis
889 2367 1029 2428 exhibeat.
1070 2367 1149 2430 Con-

16 2451 211 2510 renitentem
235 2446 282 2508 hic
304 2447 386 2508 locus
409 2465 476 2507 eum
499 2446 549 2508 illo
568 2445 675 2508 lesaiae
698 2449 747 2520 59,
767 2451 795 2508 1.
836 2445 902 2508 Non
925 2454 970 2510 est
993 2458 1148 2530 aggravata

16 2531 89 2588 auris
114 2527 232 2588 Domini
262 2528 415 2608 quominus
443 2527 552 2587 audiatr
582 2527 631 2587 sed
660 2527 822 2608 iniquitates
846 2535 961 2588 nostrae
985 2529 1147 2590 distantiam
1236 2543 1243 2554 '
1296 2585 1299 2599 ,

31 2614 126 2669 onunt
144 2609 218 2666 inter
236 2627 290 2666 nos
310 2612 340 2667 et
358 2608 461 2688 ipsum.
500 2605 533 2665 lu
553 2623 676 2679 summa,
696 2605 774 2686 quod
788 2605 871 2668 Deus
890 2610 939 2688 qui
960 2624 1027 2669 suaa
1046 2609 1148 2669 libera-

16 2633 78 2749 iter
96 2689 194 2748 iurare
213 2687 294 2761 solet,
314 2687 373 2746 imo
393 2687 513 2748 camber
531 2691 561 2746 et
580 2685 683 2746 blande
701 2686 738 2746 ad
757 2687 908 2758 reinvitat,
927 2705 1043 2748 manum
1064 2707 1146 2749 snam

16 2769 44 2828 ad
75 2775 189 2864 tempus
212 2765 343 2842 retrahit,
369 2765 454 2864 lupius
479 2765 548 2826 rnali
572 2765 687 2846 culpam
707 2766 767 2824 suis
784 2773 813 2827 et
832 2766 932 2862 populu
953 2769 1075 2847 pmcatis
1094 2771 1146 2828 im·

16 2844 450 3008 tttrl'ttlatltftf’ttt
465 2845 775 2988 ifiissssssl'iiffi
790 2851 937 3007 ,tutti
955 2847 1147 2988 tttttttt
1188 2943 1195 2952 -

16 3008 147 3088 rdiungit.
187 3004 269 3065 Daue
288 3025 357 3065 vero
374 3007 543 3066 sententiam
562 3006 682 3065 inservit
693 3003 845 3086 Propheta,
864 3025 924 3064 non
943 3011 977 3066 ut
985 3025 1016 3066 se
1025 3013 1055 3066 et
1074 3007 1146 3067 alios

16 3085 175 3167 prohiberet
193 3085 229 3144 ab
249 3085 349 3145 orandi
368 3085 481 3158 fiducia,
501 3083 550 3147 sed
570 3085 666 3224 potius
684 3091 719 3145 ut
741 3103 828 3166 supra
853 3083 1031 3146 obstaculum
1053 3103 1145 3147 erner-

16 3173 100 3244 reret,
120 3165 199 3246 quod
218 3166 326 3226 arceret
344 3171 464 3226 cunctus
483 3171 575 3226 morta
587 3183 618 3224 es
637 3183 654 3225 a
673 3161 733 3225 Dei
749 3175 896 3226 socom:
915 3165 969 3226 nisi
989 3171 1146 3226 statuerent
1274 3232 1281 3248 s

16 3239 141 3326 'ndignos
161 3263 277 3326 quoque
295 3245 433 3305 exaudiri
471 3243 623 3306 Probabile
647 3263 718 3306 vero
742 3251 787 3306 ert
805 3246 947 3326 praesenti
970 3245 1067 3326 aliquo
1086 3247 1148 3307 iras
1205 3279 1207 3286 ·

16 3325 65 3385 Dei
88 3327 169 3406 signo
190 3324 336 3405 perculsos
356 3323 443 3400 luisse
461 3332 530 3385 tune
548 3325 656 3398 fideles,
676 3325 743 3406 quia
763 3325 946 3386 conualranc
959 3326 1146 3386 tentationem
1198 3337 1200 3344 ’

16 3411 137 3465 ¹astatur·
146 3402 250 3464 David.
280 3403 372 3466 Porro
391 3405 521 3466 videmus
539 3405 569 3466 iu
610 3411 726 3486 romptu
744 3405 873 3466 siluisse
893 3403 1059 3478 remedium,
1079 3407 1146 3486 quia

16 3507 46 3544 ex
58 3483 202 3566 'opposito
221 3491 336 3566 reputat
354 3487 503 3566 proprium
522 3423 649 3545 esaehet
668 3503 773 3544 munus
793 3484 861 3544 dare
879 3486 993 3544 veniam
1013 3487 1145 3566 peccatis,

16 3583 103 3646 eaque
121 3564 245 3645 expiare.
285 3563 328 3624 lta
348 3564 394 3623 hic
414 3583 530 3645 quoque
549 3583 649 3624 versus
673 3583 740 3626 eum
758 3566 897 3646 superiori
916 3567 1031 3624 mutent
1051 3563 1145 3632 debet,

16 3652 98 3724 itque
116 3644 294 3704 adversative
313 3644 427 3717 resolvi,
447 3643 503 3704 hoo
522 3644 619 3711 modo,
640 3641 781 3723 Quamvis
798 3645 959 3726 iniquitates
978 3651 1093 3706 nostrae
1112 3653 1146 3706 ut

16 3723 520 3864 tttttttttttt‘tttt
533 3729 801 3864 ttttt‘ttstt
815 3725 1144 3866 ‘tttttttrtttt

16 3884 189 3964 rbrumpeut.
228 3881 378 3944 Docemur
388 3823 491 3943 1butero
512 3883 567 3944 hoc
586 3846 667 3959 loeo:
692 3903 750 3945 uon
775 3826 858 3945 alithr
876 3886 990 3945 exorari
1009 3883 1106 3944 Deum
1125 3901 1143 3943 a

16 3963 91 4022 robis
110 3983 206 4044 posse,
225 3964 278 4023 nisi
299 3964 367 4022 tlum
387 3963 552 4044 suppliciter
570 3964 990 4050 veniamdeprecsmuruostris
1003 3963 1143 4060 peccatis.

18 4049 119 4102 nterea
140 4042 325 4104 dubitandum
345 4061 403 4102 uon
423 4049 467 4102 est
486 4045 555 4124 quin
575 4045 696 4124 gratuita
716 4052 898 4125 peccatorum
907 4044 1035 4102 remisero
1045 4039 1143 4104 Deum

16 4123 89 4182 robis
111 4122 250 4183 concibat.
291 4121 379 4202 Quod
405 4123 428 4182 ei
449 4123 592 4204 paulisper
615 4125 734 4206 gratiam
758 4143 839 4184 suam
859 4123 1039 4183 submoveat:
1058 4122 1142 4184 adeo·

16 4223 63 4282 [ue
84 4208 198 4284 tergum
217 4201 299 4262 nobis
318 4201 462 4268 obrectat,
487 4200 605 4264 Doridis
624 4209 720 4264 tamen
739 4203 872 4286 exemplo
892 4203 927 4262 ad
947 4221 1027 4282 spem
1046 4203 1144 4284 expias

17 4281 92 4342 ionis
112 4301 261 4363 erumpere
280 4283 423 4346 convenit.
453 4281 539 4360 erod
560 4284 694 4344 siusulari
713 4303 832 4344 numero
852 4283 956 4344 lutetm
970 4299 1001 4343 se
1019 4283 1145 4364 peccatis

16 4362 155 4436 brutum,
174 4363 248 4422 ratio
267 4363 362 4422 afferri
383 4369 485 4443 potest,
505 4364 581 4444 quod
595 4329 658 4424 tier
679 4383 768 4444 quum
788 4369 870 4436 esset,
889 4368 983 4422 totum
1002 4362 1142 4446 populum

16 4441 250 4522 repraesentabat:
274 4442 320 4503 vei
345 4441 423 4524 quod
443 4442 496 4504 hac
517 4444 636 4505 docendi
655 4443 756 4519 torma,
781 4443 864 4504 sicuti
884 4441 995 4516 Daniel,
1016 4441 1142 4522 singulos
