2726 4888
409 229 801 312 erraterraxvnrs
1060 271 1067 282 ,
1111 269 1169 330 495
1232 230 1235 242 ’

48 367 184 480 blomne
205 409 311 455 mm
333 385 411 456 rasa
433 387 495 456 ner
517 385 628 458 aaron
658 387 745 456 san
768 415 786 456 ι
808 387 886 458 ose
909 385 1044 458 neus
1060 389 1171 462 roser.

47 481 83 588 ,li
109 493 248 565 Pturim
274 492 436 562 liberalem
463 493 562 562 liuere
592 493 686 563 tocies
708 486 799 562 De'us
826 517 924 587 super
945 493 1169 567 haereditatem

46 599 131 684 bam,
150 611 180 670 et
206 599 321 668 lassam
348 610 385 670 tu
412 601 586 700 instemus.¹
625 603 680 670 11.
703 599 915 694 Congregstio
942 612 998 671 tara
1019 603 1171 676 habitabit

45 721 139 788 tes:
160 705 283 802 parabis
304 707 338 774 iu
361 705 503 776 bonitate
525 717 580 776 tua
601 707 733 800 pauperi
755 705 855 776 Deus.

108 873 137 934 8.
155 871 236 931 Dm
261 891 392 952 poesin
467 872 581 932 teborm
626 867 710 932 Nune
734 867 791 944 liei
814 868 969 932 bonitatem
998 875 1114 962 proprie
1139 876 1168 936 in

43 947 153 1010 belesia
175 947 298 1010 residere
322 967 391 1030 prae
413 953 482 1025 bat,
507 969 595 1032 qnam
618 950 801 1034 peculiariter
819 952 849 1014 iu
869 969 934 1012 eom
955 951 1042 1012 tinent
1063 953 1167 1036 delegit

43 1033 58 1090 t
80 1030 223 1091 theatrum
248 1036 323 1088 esset
352 1035 485 1112 patemus
510 1050 580 1092 suae
603 1029 810 1092 sollicitudinis.
849 1029 913 1090 line
937 1037 1035 1106 autern
1054 1033 1166 1094 diserte

42 1111 141 1170 dditur
159 1129 175 1170 u
194 1107 349 1189 Propheta,
369 1116 402 1169 ut
421 1109 499 1208 quod
518 1117 604 1170 autea
624 1107 804 1183 dictumest,
824 1108 875 1169 lilii
894 1109 1027 1174 Abrdbae
1046 1117 1166 1195 propius

41 1193 114 1250 dee
132 1189 360 1249 accommodent:
387 1207 455 1270 qma
480 1197 547 1250 suat
571 1196 609 1249 ed
633 1191 726 1250 eleeto
754 1190 871 1270 pupulo.
910 1185 1003 1250 Porro
1029 1194 1095 1273 qnia
1121 1211 1165 1254 re-

42 1271 154 1350 emptio
177 1287 214 1327 ex
239 1268 373 1350 Aegypto
398 1271 582 1350 praecipuum
607 1275 637 1329 et
666 1278 813 1330 aeternum
839 1275 901 1329 erat
925 1271 1030 1331 auroris
1048 1275 1166 1352 pignus,

39 1371 82 1428 uo
106 1351 189 1409 etiam
209 1350 316 1410 saneila
335 1347 555 1432 lueratadoptio
575 1349 685 1430 pridem
705 1349 734 1409 in
749 1349 981 1411 manuAbrahae
999 1351 1084 1426 laeta,
1103 1356 1165 1413 eins

39 1432 172 1489 istoriam
196 1427 320 1488 breviter
343 1430 467 1510 attingit.
505 1427 627 1490 Summa
649 1429 707 1490 hue
729 1429 835 1503 tsndlt,
860 1427 956 1490 Deum
981 1432 1011 1490 in
1035 1431 1086 1491 illo
1105 1453 1165 1493 me·

38 1509 155 1569 norsbili
178 1509 258 1568 exitu
281 1513 416 1571 testatum
441 1527 504 1570 esse
528 1509 660 1570 omnibns
685 1509 788 1569 seoulis
812 1515 989 1591 quantopere
1007 1509 1165 1584 Ecclesiam

37 1609 104 1650 uam
128 1587 264 1669 diligeret.
304 1585 453 1666 Quorsum
478 1590 554 1648 euim
579 1597 623 1652 tot
648 1589 799 1664 miracula,
821 1595 915 1650 terrae
939 1591 1071 1670 coelique
1096 1609 1163 1652 eon·
1277 1597 1280 1604 ’

37 1671 129 1742 ossio,
148 1675 176 1728 et
195 1669 336 1728 montium
360 1675 482 1743 nemer,
505 1669 560 1730 nisi
585 1677 618 1728 ut
638 1669 732 1750 palam
756 1668 840 1728 lieret
860 1666 916 1728 Dei
941 1670 1078 1734 virtutem
1097 1691 1164 1732 euru

36 1751 117 1809 alote
135 1747 234 1844 populi
258 1749 438 1808 maumam
463 1751 549 1844 esset
568 1747 636 1808 Ideo'
661 1755 756 1844 parles
780 1747 860 1808 ducis
884 1745 988 1844 tribuit·
1006 1747 1087 1826 Deo,
1112 1755 1163 1830 qui

35 1826 1057 1988 ttttff'ttttttltmiltttblttttl‘tltitt-'til
1070 1850 1163 1971 itt

34 2011 121 2048 mae
139 1998 250 2046 motum
268 1987 395 2067 intelligo
415 2005 474 2046 uon
494 1985 588 2046 solnm
607 1990 638 2046 in
658 1983 742 2068 Legis
761 1987 1005 2068 promulgatione:
1025 1989 1075 2048 sed
1095 1991 1164 2070 quia

33 2089 47 2126 n
71 2068 208 2126 eoufiurm
227 2068 335 2126 itineris
355 2081 508 2146 progman
527 2068 641 2146 saepiam
660 2073 788 2126 mutatus
806 2075 851 2128 est
868 2067 942 2126 ordo
955 2073 1083 2144 santuine,
1103 2072 1163 2128 ansi

32 2149 163 2206 :lementa
188 2148 284 2208 omnia
308 2145 483 2226 trepidarent
501 2145 538 2206 ad
558 2143 614 2206 Dei
633 2151 828 2226 oeuspeetuuu
869 2145 946 2224 Quia
966 2153 1061 2210 tamen
1081 2167 1162 2230 pras-

31 2229 104 2306 ipue
126 2227 155 2286 in
176 2233 274 2287 monte
293 2224 373 2284 Sinai
392 2223 546 2286 terribilem
566 2243 647 2285 suam
668 2225 824 2306 potentiam
845 2223 1073 2303 coemtionem,
1093 2229 1162 2310 qnia

33 2315 43 2364 t
69 2305 196 2364 tonitrua
218 2303 404 2366 audiebantur
423 2306 453 2364 in
473 2305 565 2376 eoelo,
590 2312 620 2364 et
638 2311 718 2365 lotus
742 2311 793 2365 atr
817 2301 945 2386 fulgetris
964 2305 1065 2386 plenus
1085 2311 1161 2370 erat:

30 2387 126 2444 liseria
144 2392 271 2446 montem
290 2386 373 2444 illum
392 2385 521 2444 nominat
540 2383 695 2480 Propheta,
714 2387 744 2444 in
754 2404 813 2464 quo
822 2384 983 2465 spectabilis
992 2385 1049 2446 luit
1067 2385 1177 2468 spiam·

30 2465 117 2524 lidius
134 2482 221 2543 quam
242 2465 309 2524 alibi
328 2483 451 2544 nsquam
471 2461 527 2526 Dei
547 2471 688 2538 molestas.
728 2462 893 2524 Pronomeu
906 2463 1161 2526 demonstrativum

30 2549 61 2612 tt
82 2543 185 2625 frigide
204 2543 241 2603 ad
250 2543 330 2604 Sinai
350 2543 466 2624 quidam
486 2543 624 2604 referunt:
644 2563 735 2624 quum
753 2545 851 2624 potius
861 2541 956 2604 David
971 2545 1092 2624 gloriam
1103 2543 1161 2606 Dei

30 2625 132 2684 sraelis
152 2624 283 2684 illustret
324 2621 398 2684 Nam
417 2621 503 2682 simili
520 2621 613 2706 figora
632 2621 795 2704 Prophetae
818 2643 877 2684 non
897 2625 985 2683 semel
1005 2623 1161 2701 declarant,

30 2707 117 2764 teum
143 2705 194 2784 qui
218 2705 323 2765 celitur
346 2705 420 2762 inter
439 2701 572 2763 Abrahae
594 2701 684 2773 lilios,
709 2721 769 2764 non
793 2718 856 2763 erse
875 2703 1084 2784 imaginarium:
1105 2725 1160 2768 uae

1212 489 1224 520 Ι

30 2786 186 2864 eligiouem
206 2803 280 2864 qnae
299 2785 359 2843 eius
379 2781 455 2864 Lege
473 2781 577 2842 tradita
597 2779 660 2857 init,
685 2781 848 2862 ambiguam
871 2801 942 2844 esse.
982 2782 1033 2846 sie
1057 2784 1159 2846 lesuias
1202 2815 1208 2835 ·

30 2885 78 2943 up.
106 2865 157 2937 25,
183 2881 256 2924 vers.
277 2867 305 2926 9.
327 2861 381 2923 Hie
401 2863 447 2923 hio
466 2859 548 2922 Deos
572 2869 682 2938 noster,
704 2861 832 2922 servabit
854 2881 916 2923 nos.
955 2860 1160 2944 Ergo'David,

30 3043 81 3082 ern
108 3031 274 3096 eonnmat,
298 3023 501 3104 distinguitqna
525 3041 542 3082 a
572 3021 664 3081 dubiis
690 3023 816 3117 gentium
842 3021 997 3081 erroribnse
1024 3025 1157 3084 etnimnl

30 3105 138 3182 bliqoe'
159 3105 323 3184 perstringit
346 3101 444 3162 muudi
464 3103 629 3176 amentiam,
654 3121 704 3182 qm
723 3099 820 3164 Deum
845 3101 898 3162 sibi
917 3103 947 3161 in
966 3101 1049 3180 lignis
1068 3111 1097 3164 et
1116 3097 1156 3163 tot

30 3182 142 3256 idibus,
163 3202 235 3243 auro
254 3189 284 3243 et
309 3189 428 3263 argento
447 3181 583 3263 ligoraus,
608 3181 680 3242 adeo
700 3201 760 3243 uon
779 3180 894 3264 prolicit
917 3181 947 3242 ln
967 3179 1023 3243 Dei
1047 3185 1157 3260 nonno,

30 3271 42 3321 t
65 3265 97 3322 in
119 3260 181 3322 suis
199 3263 316 3322 fallaciis
335 3263 447 3343 lougius
466 3268 627 3322 evanescat.
903 3279 907 3288 '

96 3345 146 3404 10.
166 3345 308 3404 Pluoiorn
331 3345 525 3404 misenatem
569 3341 624 3402 llic
648 3337 743 3402 David
767 3345 937 3424 perpetuum
968 3341 1075 3422 gratiae
1099 3340 1157 3404 Dei

30 3501 110 3561 ultra.
167 3521 218 3598 psa
243 3503 319 3562 enim
343 3509 464 3562 venatur
483 3499 540 3562 Dei
563 3501 737 3576 baereditas,
763 3519 851 3582 quam
874 3503 1067 3582 assignaverat
1091 3501 1156 3564 liliis

30 3583 79 3640 n's.
124 3581 185 3643 Atii
210 3580 365 3643 Ecclesiam
393 3579 569 3662 intelligunt,
598 3579 650 3642 sed
677 3582 846 3662 improprie:
876 3583 944 3662 quoia
972 3581 1060 3663 paolo
1089 3591 1157 3664 post

30 3661 146 3724 obiiciet
169 3663 200 3722 iu
224 3681 258 3723 ea
282 3663 409 3722 babitare
433 3669 547 3722 eoelum
570 3659 635 3720 Dei.
676 3659 777 3720 lllerito
807 3668 903 3722 antem
927 3667 1002 3722 terra
1027 3661 1156 3722 Genuam

30 3761 121 3802 omen
149 3740 207 3802 boo
231 3741 353 3817 obtinet,
378 3759 454 3822 quae
478 3741 664 3805 haereditario
689 3741 751 3816 iore
775 3758 793 3799 a
813 3737 897 3800 Patre
917 3742 1032 3802 eoelesti
1051 3741 1160 3813 tradita

30 3827 115 3882 terat.
160 3819 251 3882 Porro
271 3841 309 3882 ex
349 3841 387 3881 uo
406 3819 437 3882 io
456 3839 490 3882 ea
509 3821 595 3881 loeati
618 3825 685 3880 sunt
709 3817 761 3880 filii
786 3819 932 3894 Abrabae,
956 3819 1051 3880 David
1077 3839 1153 3880 eom·

32 3908 160 3960 emerat
178 3921 238 3962 unu
261 3843 442 3962 usmqlteum
458 3915 585 3962 'morasse
609 3899 645 3960 ab
671 3885 772 3982 optimi
797 3907 825 3960 et
848 3901 1085 3982 indulgentissimi
1104 3919 1153 3982 pa·

30 3980 188 4042 islamitias
213 3995 231 4040 a
264 3984 323 4043 oio:
348 3983 416 4063 quia
441 3983 534 4042 vietus
560 3980 677 4061 parandi
702 3998 801 4052 eausa,
826 3980 953 4060 pluviam
972 3999 1085 4060 semper
1103 3999 1153 4040 ex·

30 4062 159 4121 laverit.
199 4059 290 4122 Porro
310 4081 401 4142 quum
420 4064 521 4130 ΠΞἾ]
547 4060 640 4141 (quod
659 4079 765 4120 nomen
789 4057 836 4120 hic
854 4061 883 4118 iu
904 4058 1030 4139 genitivo
1050 4059 1154 4140 plurali

30 4159 70 4199 ee
99 4137 224 4222 epitheti
247 4142 376 4224 ponitur)
396 4139 532 4201 Hebraeis
555 4147 710 4220 spontanea
733 4139 771 4200 sit
795 4139 937 4212 voluntas,
956 4139 1003 4200 vel
1023 4159 1101 4200 mera
1121 4139 1154 4200 li·
1247 4205 1249 4210 ,

30 4220 158 4295 rralitas,
176 4221 296 4290 libenter
314 4219 514 4302 interpretibus
533 4221 672 4298 assentior
696 4221 746 4300 qui
765 4219 802 4278 ad
821 4220 976 4300 gratraiturn
994 4217 1051 4280 Dei
1071 4219 1153 4280 hene·

30 4301 154 4360 auitum
175 4300 315 4364 referum:
335 4301 392 4360 aesi
412 4301 530 4362 dixisset
550 4297 654 4374 David,
678 4297 776 4360 Deum
800 4317 912 4378 semper
937 4299 1030 4359 alendi
1054 4299 1155 4382 populi

30 4381 44 4438 i
74 4386 188 4462 sponte
211 4398 310 4442 euram
333 4379 473 4484 babuisse.
518 4377 592 4441 Nam
621 4379 701 4460 quod
729 4379 777 4438 alii
805 4378 933 4460 pluviam
962 4381 1154 4454 voluntatum,

33 2944 101 3002 nasi
121 2945 151 3001 in
165 2951 349 3081 praesentem
369 2941 425 3002 Dei
445 2950 629 3024 conspectum
650 2961 720 3001 suos
739 2941 900 3016 adduceret,
926 2941 993 3002 fidei
1012 2945 1185 3005 certitudi'

30 3441 134 3482 ursum
152 3423 319 3562 praedieat,
343 3443 381 3482 ex
405 3441 464 3502 quo
488 3429 593 3482 terram
617 3420 670 3480 sibi
689 3423 859 3502 promissam
879 3424 1022 3501 ingressos
1043 3427 1085 3482 est
1106 3443 1157 3502 po·
1216 3494 1218 3507 1

1320 3473 1322 3500 l

1320 3523 1321 3605 l

1319 3651 1320 3666 l
