2804 4890
216 267 270 326 zu
647 269 937 314 s.cnsrrnns

216 393 327 456 rurant
345 393 406 454 aar
425 392 576 476 pastun.
593 369 598 384 '
615 391 733 456 innon
751 395 894 472 armna,
914 401 1010 458 nnn
1026 395 1220 458 naamon
1239 396 1355 460 narn

16 502 20 527 ι
124 535 126 548 ,
209 475 287 538 dum
307 491 385 548 esse,
407 482 437 536 et
461 475 652 554 integritatem
671 475 837 554 colendum,
863 477 930 558 quia
951 473 1030 538 Deus
1054 483 1201 538 rectorum
1227 495 1262 538 ac
1283 497 1357 540 rua-

215 549 291 616 ciuin
311 573 342 614 se
361 553 422 614 sore
442 555 590 616 custodem
609 557 758 636 promittit.
798 554 845 616 Ex
864 559 997 638 opposito
1022 559 1201 636 pronuntiat,
1222 557 1357 638 Superbia

122 657 127 670 ·
214 635 327 696 abunde
347 633 501 714 rependere
520 636 695 710 mercedem,
714 655 765 710 ne,
785 635 833 696 ubi
853 638 984 696 ridemus
999 637 1059 696 illis
1077 655 1219 718 prospere
1240 639 1279 698 ed
1292 645 1357 700 tem·

211 735 268 798 pne
288 715 452 788 succedere,
478 733 566 794 prava
586 717 738 794 aemulatio
758 735 813 777 nos
831 717 980 788 sollicitet,
1004 717 1052 776 rel
1071 723 1147 778 certe
1168 735 1225 778 nos
1245 718 1356 798 frangat

213 803 244 856 et
263 797 407 855 exanimet
426 813 527 855 eorum
547 795 688 870 ferociter,
708 796 777 856 dum
796 797 910 876 quidvis
928 796 983 857 sibi
1002 797 1088 858 licere
1101 803 1216 877 potant.
1238 796 1356 858 Summa

212 877 299 958 igilur
324 881 382 949 eat,
403 871 544 954 Quamvis
571 876 623 936 eibi
648 876 786 957 plaudant
804 877 899 958 impii,
925 877 995 936 dum
1013 879 1132 958 impunc
1151 877 1183 938 'ns
1201 877 1355 938 sceleribus

212 957 273 1072 suis
292 962 464 1036 grassantur,
473 955 593 1096 1l)idelesd-
595 962 697 1096 (pptppn
708 957 746 1096 0ip
756 955 1227 1097 ΙΙιιιιιΙιιίιιϊιὶιιιιιίῐιιιι,ιιιΡιιιιιιίιιιιιίι
1244 977 1355 1097 repren-

210 1042 602 1198 ddrcdsvddmtddlrendelddddt,
614 1057 755 1195 ¹sbpbrbis
779 1135 849 1176 vero
873 1057 962 1198 bdam
981 1057 1080 1176 bertii
1105 1122 1176 1177 snut
1188 1057 1354 1179 'nqeudoenbd

210 1196 356 1276 rependet.
409 1195 442 1254 ln
479 1196 618 1277 particula
653 1200 723 1263 'int
759 1166 812 1265 bit
832 1216 891 1257 non
910 1199 1091 1258 consentiunt
1099 1197 1283 1278 interpretes
1303 1197 1353 1258 Su·

209 1275 339 1357 perbianr
359 1276 476 1356 quidam
495 1283 621 1352 vertunt,
640 1275 697 1336 boc
716 1294 810 1350 senen
830 1274 912 1338 Dens
930 1295 985 1358 pro
1003 1275 1135 1357 superbia
1154 1276 1299 1338 retribuet
1311 1299 1353 1338 su·

209 1355 298 1438 perbe
318 1356 475 1436 agentibus.
515 1356 573 1418 Alii
591 1361 750 1438 exponunt,
769 1357 816 1418 Ad
836 1357 991 1431 cumulum,
1011 1357 1068 1431 rel,
1087 1357 1164 1417 ultra
1178 1377 1351 1432 masuram,

209 1438 277 1516 qnin
298 1439 367 1504 ἾΝ
387 1436 525 1502 Hebraeis
550 1435 696 1497 residuum
720 1433 875 1516 significat,
900 1449 955 1518 pro
980 1457 1038 1516 quo
1059 1438 1212 1518 posuimus
1232 1440 1351 1500 chade

33 1537 35 1547 ¹
137 1536 140 1542 ·
208 1513 346 1576 Nonnulli
370 1516 546 1598 intelligunt,
571 1536 663 1598 usque
687 1517 723 1576 nd
747 1511 822 1576 lilios
848 1524 878 1578 et
895 1523 1029 1598 nepotes,
1053 1518 1104 1597 qui
1123 1517 1233 1578 residui
1252 1538 1349 1578 mene-

207 1595 281 1657 bunt
304 1615 342 1656 ex
361 1597 475 1656 illorum
497 1597 613 1656 semine.
653 1595 789 1658 Ceterum
809 1598 878 1676 qnia
895 1599 995 1658 eadem
1014 1616 1074 1657 vox
1093 1615 1149 1677 pro
1169 1594 1344 1658 Excellentis

207 1670 321 1758 saepius
341 1678 489 1763 accipitur,
508 1695 567 1744 nou
587 1673 686 1743 dubito
705 1679 779 1756 quin
787 1675 930 1758 Propheta
950 1677 1043 1737 lacere
1062 1675 1203 1757 superbos
1212 1681 1347 1758 perstriu-

195 1763 264 1838 .got,
285 1757 335 1836 qui
353 1759 661 1837 nnanpraesnntnm
680 1755 811 1816 sibinen
831 1757 919 1818 modo
938 1757 1059 1838 clypei,
1072 1756 1124 1818 sed
1145 1757 1262 1818 invictae
1278 1777 1344 1821 mu·

206 1837 322 1897 ultionis
341 1836 407 1898 loco
427 1845 527 1897 contro
546 1833 643 1898 Deum
663 1855 726 1897 esse
744 1835 863 1916 lingunt.
877 1873 881 1906 .
894 1835 971 1916 Quia
990 1855 1058 1917 ergo
1077 1855 1128 1897 ecs
1148 1843 1279 1898 enecent
1297 1837 1344 1898 sd

205 1917 396 1977 falcinat‘sna
415 1924 556 1998 potestas,
581 1923 614 1976 ut
633 1917 856 1998 intempernnter
873 1935 908 1978 uc
928 1919 990 1977 sine
1008 1915 1097 1976 modu
1116 1915 1235 1976 abiectis
1253 1924 1282 1977 et
1300 1918 1346 1978 de

205 1995 309 2056 bilibus
333 1997 484 2056 insultent:
508 1997 652 2076 eleganter
671 1995 817 2091 Propheta
841 1995 924 2073 dicit,
948 2015 1003 2078 pro
1022 1997 1193 2058 excellentie
1212 2017 1272 2078 qun
1290 2005 1345 2058 tur·

181 2083 282 2158 'gent
300 2078 454 2158 repositam
473 2076 528 2136 illio
546 2096 609 2138 esse
632 2077 802 2137 mercedem.

285 2157 333 2218 24.
353 2159 485 2216 Fortiter
504 2165 678 2239 congerite.
717 2154 828 2217 Eodem
847 2156 971 2238 pertinet
990 2155 1062 2217 baec
1080 2154 1257 2229 exhortatio,
1277 2155 1344 2217 baec

196 2235 280 2296 ‘enim
304 2238 463 2295 constantia
486 2236 522 2296 do
546 2255 604 2316 qua
629 2237 782 2317 praecipit,
804 2238 834 2296 iu
860 2235 912 2296 illo
937 2235 994 2297 Dei
1018 2255 1118 2296 amore
1142 2235 1265 2298 fundate
1290 2245 1343 2297 est:

202 2313 252 2376 nbi
271 2316 439 2384 totocorde
458 2335 545 2396 quam
566 2317 704 2397 promittit
722 2316 852 2390 salutem,
872 2315 1005 2377 omnibus
1024 2315 1164 2376 illecebris
1178 2316 1277 2382 ratem
1290 2317 1343 2376 ins-

196 2395 484 2476 .sis,.amplectimur.
523 2391 566 2455 Ne
589 2415 625 2456 ue
648 2403 744 2456 tamen
769 2413 948 2476 supervacue
968 2403 1012 2456 est
1029 2395 1207 2458 fortitudinis
1227 2403 1257 2455 et
1277 2415 1341 2456 con·

202 2478 322 2536 stantiae
337 2476 454 2549 mentio,
475 2476 542 2616 ppia
561 2495 579 2534 n
601 2477 611 2535 i
630 2477 733 2556 quirin
744 2473 841 2536 Deum
855 2476 1025 2550 recubuerit,
1044 2475 1081 2536 ad
1095 2477 1204 2536 multos
1219 2475 1342 2536 Sauum

199 2555 324 2637 impetus
350 2555 476 2616 sustineo
516 2577 530 2616 s
550 2575 580 2615 se
600 2563 745 2637 comparet
764 2563 852 2636 atque
871 2562 964 2616 armet
982 2573 1096 2616 neccsse
1116 2563 1171 2616 est.
1211 2554 1338 2616 Primum

200 2654 271 2715 crgo
296 2642 353 2710 est,
378 2641 410 2695 ut
429 2654 483 2696 nos
503 2635 613 2718 placide
632 2637 662 2696 in
681 2633 738 2697 Dei
758 2635 844 2696 fidem
862 2643 891 2696 et
910 2635 1029 2696 tutelam
1048 2635 1211 2711 tradamus,
1236 2654 1273 2696 ac
1292 2635 1338 2696 bo-

196 2717 273 2776 nitas
297 2717 358 2776 eius
382 2721 605 2796 gustussensus
630 2735 729 2777 omnes
753 2723 867 2776 nostros
891 2711 1020 2776 retinent.
1061 2713 1175 2775 Deinde
1199 2721 1235 2776 ut
1257 2713 1339 2776 iirmu

152 2839 155 2848 ,
198 2797 357 2856 constantia
381 2801 411 2856 et
433 2795 599 2877 iniatigebili
623 2798 732 2856 virtute
754 2797 897 2868 instructi,
923 2793 1042 2854 subinde
1066 2795 1104 2855 ad
1127 2813 1205 2855 nora
1232 2797 1339 2876 proelio

197 2882 306 2936 stemus
329 2877 457 2936 accincti.
497 2875 576 2956 Quia
598 2883 694 2937 lamen
720 2895 805 2936 nemo
825 2883 929 2957 sponte
948 2893 999 2934 sua
1019 2873 1055 2934 ed
1075 2873 1263 2957 pugnandum
1283 2877 1330 2936 sui

195 2955 311 3030 liceret,
334 2955 431 3017 David
450 2955 589 3036 Spiritum
614 2956 786 3018 tortitudinis
804 2975 919 3037 sperare
937 2973 955 3015 a
974 2953 1040 3014 Deo
1059 2961 1089 3016 et
1109 2963 1207 3036 petere
1226 2975 1282 3016 noe
1299 2958 1339 3016 in-

151 3081 154 3092 .
196 3035 261 3112 bct,
285 3037 372 3116 ,noc
386 3043 490 3097 nointu
514 3039 643 3118 apprime
667 3037 785 3117 dignum
809 3043 862 3097 est.
902 3033 976 3095 Num
1000 3034 1067 3095 binc
1086 3035 1266 3121 colligimus,
1291 3035 1339 3096 nbi

68 3115 76 3124 ’
195 3135 250 3176 nos
274 3135 290 3176 a
324 3118 350 3176 ci
373 3117 508 3176 admonet
527 3117 651 3212 Spiritus
670 3115 741 3192 Dei,
766 3137 825 3176 nnn
849 3115 1011 3197 expendere
1030 3115 1122 3212 qualis
1141 3117 1181 3176 sit
1200 3117 1339 3196 cuiusque

117 3231 125 3246 κ
194 3195 333 3268 incultas,
358 3215 413 3256 nec
436 3195 564 3256 cilicium
588 3215 683 3276 ipsum
705 3199 822 3278 propriu
846 3194 995 3256 hominurn
1019 3201 1127 3256 rrrtutc
1151 3197 1264 3256 metiri:
1287 3196 1337 3256 red

194 3277 293 3355 potius
313 3275 349 3334 ad
369 3293 467 3358 preces
487 3295 540 3336 nos
559 3277 728 3352 accendero,
748 3284 781 3337 ut
800 3275 943 3338 deiectum
961 3281 1094 3338 nostrum
1113 3275 1205 3353 oclus,
1226 3277 1336 3358 quipo-

194 3361 261 3432 test,
280 3353 364 3416 Deus
384 3355 516 3436 corriget.
1076 3417 1079 3428 ,
1126 3391 1131 3403 ·

504 3587 1022 3692 rsnnnusxxxn.
1134 3607 1141 3614 ·

192 3734 431 3792 Amllere'dprote
447 3737 1047 3796 eemneqmupuuncmstrnetm·
1060 3737 1334 3794 restinctae-taia-

264 3807 492 3863 salomoniaci,
505 3809 546 3851 icc
558 3809 661 3850 temes
673 3813 695 3851 et
708 3809 793 3851 ιιιίιιιι
805 3807 941 3856 aretenta
954 3808 1011 3850 ritae
1024 3813 1103 3864 capet,
1121 3807 1143 3851 ei
1156 3811 1221 3852 nar
1233 3809 1334 3850 usim

205 3902 207 3910 .
270 3877 355 3920 abolito
369 3873 509 3930 nolestiis·
520 3881 623 3932 munito
637 3879 771 3922 ”medlick
797 3881 921 3936 Poatpm
934 3891 984 3921 aero
998 3877 1024 3920 de
1036 3880 1156 3934 inpetrare
1169 3879 1232 3920 renio
1243 3879 1333 3931 gratiae

190 4005 195 4010 Ι
270 3949 329 4006 egit,
343 3947 401 3990 aiios
414 3963 486 3991 reesa
499 3951 522 3992 is
534 3949 598 3992 tsine
605 3949 730 4008 felicitatis
743 3950 870 3993 societate·
883 3951 975 4006 ιἰιιιἸιιΙ,
991 3951 1039 3994 eiu
1053 3949 1183 3994 ntem
1194 3949 1280 3991 nerlu
1291 3961 1333 3990 m

269 4015 534 4076 eemplo'prneaerideaa.

233 4153 391 4228 Erudiens
418 4157 560 4226 Dividis.
613 4141 643 4226 i.
670 4157 761 4228 Beati
789 4135 904 4250 quibus
937 4159 1069 4227 remissa
1095 4169 1145 4228 est
1171 4160 1333 4254 iniquitas,

190 4289 329 4354 quorum
346 4275 428 4334 tecta
445 4276 493 4334 est
507 4266 723 4358 transgressio.
758 4262 920 4336 zilenus
942 4263 1043 4334 bomo
1065 4265 1117 4334 cui
1138 4289 1209 4336 non
1230 4267 1332 4352 impu·

187 4379 236 4438 tat
257 4371 374 4440 lebovn
395 4372 605 4482 iniquitaten,
620 4383 658 4443 ot
678 4373 712 4440 in
735 4373 826 4446 cuins
848 4373 961 4466 spiritu
982 4395 1049 4442 non
1072 4384 1122 4470 est
1144 4373 1251 4444 dolus.
