2748 4890
419 321 655 396 russanen
681 321 795 403 uxum
928 282 930 291 ¹
1117 325 1171 384 Μ

42 452 87 534 qui
104 447 172 510 rmbi
190 445 283 507 adbne
301 445 407 508 residui
427 453 508 522 snut,
533 437 572 510 in
589 447 627 508 ad
645 448 792 510 malornm·
807 465 883 530 quas
902 445 1016 530 periero
1036 445 1170 532 compen·

41 531 168 591 sationem
187 525 336 587 sufficient.
358 518 451 600 Ἣη,
472 529 587 610 quidam
607 527 785 590 Mundannm
804 535 928 604 vertunt,
948 528 996 590 alii
1016 527 1171 611 Tempote·

40 611 98 670 lem.
117 606 260 667 Posterior
278 606 321 666 int
373 609 476 670 solado
496 609 637 688 quadrare
656 629 714 668 non
735 614 841 690 potest,
901 609 909 626 ⁹
936 608 1064 669 nendum
1075 609 1171 690 palem

40 687 163 770 exprimit
181 687 339 746 nussum
374 687 533 762 euntem,
552 688 602 748 sed
621 687 753 771 ambigue
763 687 856 748 adhue
878 689 1001 769 oquitur.
1022 687 1054 748 st
1065 707 1171 750 nomen
1256 751 1257 764 ,
1352 759 1353 766 ἵ

40 767 165 828 ttuudnni
182 764 303 847 plantet.
322 783 423 826 smus
442 769 508 842 erit,
528 767 647 828 ostende
666 781 705 828 au
719 766 791 828 milri
805 769 894 828 vitam
909 787 1002 848 usqne
1018 768 1171 830 edmund

39 849 115 908 inem
134 864 288 927 prorogare
308 845 386 906 velis.
426 845 486 908 Sed
506 849 626 922 rectius,
646 867 711 908 meo
731 847 846 921 indieie,
866 853 910 908 est
952 845 1009 908 uod
1029 853 1171 930 sequutus

40 948 103 1004 snm,
129 925 217 1022 et'iu
246 943 329 1020 rone¹
350 931 449 1008 potest
471 945 534 990 esse
557 925 722 1023 metathesis
747 930 772 996 Ἶ
798 933 827 988 et
852 898 889 994 Lt.
919 867 1103 1024 'braquam
1118 947 1171 1009 po·

39 1013 87 1067 test
113 1012 195 1066 etim
219 1023 338 1086 proprre
362 1025 416 1086 pro
439 1013 546 1081 aetate,
572 1013 623 1066 ant
646 1014 722 1068 vrtae
747 1012 841 1090 spelm
865 1007 967 1088 aenrpi,
992 1006 1042 1066 nbr
1066 1029 1172 1070 oenum

39 1093 217 1226 nm

42 1263 99 1304 enm
122 1178 244 1304 minimpd
263 1244 352 1304 latere
376 1205 464 1326 quani
489 1187 610 1308 erfrida
635 1247 673 1306 sit
696 1185 820 1306 homiulb
839 1247 908 1306 vita.
952 1185 1171 1308 ilotogoenitua
1257 1285 1259 1306 .

39 1325 78 1383 rel
95 1332 195 1397 omnm,
214 1324 383 1384 tantundem
402 1325 480 1386 valet
499 1327 557 1388 assi
576 1325 704 1400 dixisset,
724 1327 754 1386 in
773 1331 839 1385 toto
859 1323 986 1385 hnmano
1006 1343 1109 1406 genere
1127 1326 1170 1386 ni·

40 1401 74 1462 iil
95 1421 152 1463 esse
171 1410 288 1484 praeter
304 1421 416 1464 memm
435 1407 605 1478 sanitatem:
631 1404 688 1466 boe
707 1411 803 1465 numm
822 1403 968 1486 pmedioat
988 1403 1024 1464 du
1043 1403 1166 1464 homini·

42 1482 87 1542 bns
104 1481 151 1542 nbi
168 1483 346 1558 consistunt,
365 1483 422 1544 lroe
437 1481 485 1546 ‘est
504 1485 574 1546 dnm
592 1487 623 1544 in
643 1487 799 1568 praeeipnn
819 1503 873 1544 sun
888 1486 990 1565 vigore
1002 1483 1104 1544 nolunt
1119 1485 1169 1546 ali·

43 1561 101 1642 qnid
119 1564 237 1624 oensem.
276 1560 339 1626 litei
359 1559 454 1624 intem
474 1563 527 1626 lras
547 1565 741 1646 querimoniae
761 1561 866 1623 Davidl
885 1564 1026 1644 expremit
1040 1577 1168 1639 moeror,
1275 1552 1278 1572 ⁴

42 1641 183 1702 notandum
202 1649 302 1703 tamea
322 1649 380 1718 est,
405 1649 475 1704 inne
494 1645 610 1705 demunt
631 1647 736 1732 septire
756 1642 886 1703 homiues
905 1661 993 1724 qnam
1013 1642 1084 1704 nibil
1103 1645 1171 1718 sint,

42 1721 100 1780 dnm
121 1730 291 1802 prmnuntur
314 1722 400 1783 rebus
426 1723 561 1784 adversis.
601 1721 661 1784 Res
684 1723 763 1783 enim
788 1723 929 1784 seemdae
948 1741 999 1782 eos
1018 1723 1169 1800 inebriant,

42 1807 69 1860 nt
90 1819 151 1861 suae
169 1801 259 1862 sortis
277 1801 358 1862 obliti
378 1807 408 1864 et
426 1809 546 1884 torpore
565 1809 611 1863 stu
633 1803 641 1820 ¹
661 1801 672 1864 i
690 1803 833 1863 somnient
852 1801 1044 1864 immortalem
1063 1808 1170 1864 statum

41 1881 165 1941 interre
207 1879 386 1962 Quanquam
414 1887 511 1944 autem
541 1899 597 1964 app
700 1882 778 1944 utilis
802 1889 847 1942 est
870 1881 1030 1962 fragilitatis
1052 1888 1181 1960 uestram

42 1961 141 2039 nolitia,
171 1961 334 2022 eevendnm
375 1969 471 2042 tannen
505 1967 550 2023 est
578 1981 616 2023 ne
647 1979 739 2044 pravo
769 1962 864 2024 tuedio
892 1977 946 2021 nos
975 1959 1012 2021 ad
1040 1961 1099 2022 indi
1139 1979 1169 2022 a·

44 2039 136 2099 tionem
157 2041 296 2102 stimulet
336 2039 413 2102 Vere
438 2039 533 2104 David
558 2048 589 2103 et
613 2042 757 2124 sapienter
802 2043 964 2115 renuntiet,
989 2041 1077 2101 etiant'
1121 2055 1171 2101 utu

44 2119 153 2180 nrxtme
175 2119 322 2194 excellere
346 2120 586 2198 lamentetur,
610 2129 705 2182 tntum
729 2061 801 2180 nihl

43 2197 91 2257 lam
113 2218 148 2258 ex
170 2200 303 2260 vanitate
321 2203 487 2262 ennilatamr
513 2203 542 2260 in
562 2219 603 2262 eo·
619 2201 713 2260 solnm
732 2205 842 2280 penem,
862 2199 941 2280 qnnrl
961 2214 1060 2260 anum
1079 2217 1169 2280 expo·

41 2276 242 2340 subrutum
261 2277 327 2342 Deo
351 2279 417 2340 inda
437 2280 545 2360 arripit.
586 2276 635 2340 ste
659 2295 728 2358 ergo
752 2277 835 2339 nobis
855 2279 959 2339 misera
979 2285 1078 2338 nostra
1098 2294 1168 2338 eorr-
1252 2309 1253 2312 ¹

43 2353 99 2414 ditio
116 2356 277 2440 displiueat‚
301 2361 336 2418 nt
359 2359 494 2440 prostrati
519 2365 549 2419 et
572 2357 715 2439 snpplioee
735 2357 772 2416 nd
791 2356 849 2420 Dei
868 2355 1093 2419 misericordiam
1112 2356 1169 2417 tel-

43 2433 119 2495 lamns
138 2435 254 2498 oeulos:
274 2435 354 2517 qnod
373 2439 459 2498 etiam
478 2457 549 2498 mox
567 2436 635 2498 ianit
654 2435 751 2496 David
770 2438 896 2519 seipsum
916 2437 1070 2516 corrigens.
1100 2433 1170 2498 ¹Ne·

43 2531 90 2592 que
100 2515 442 2658 pppiquubqffiinolilltq
462 2517 582 2578 ooninse
600 2517 811 2592 lamentatione,
830 2517 881 2578 sed
895 2515 1168 2606 lideiseusn'trans·

20 2633 21 2646 η
44 2611 100 2654 seen
215 2615 269 2658 eoe
358 2617 373 2657 s
403 2613 419 2656 a
444 2616 502 2657 um.
1249 2643 1253 2656 ,

106 2675 133 2736 7.
153 2679 240 2737 ἀνία
264 2683 298 2737 trs
316 2677 429 2736 umbre.
470 2675 660 2758 Prosequitur
685 2675 805 2737 eandem
825 2676 1002 2736 sententiam.
1044 2671 1170 2736 Umbrae
1216 2697 1224 2706 ·

42 2753 105 2812 eninr
126 2755 245 2816 nomine
268 2755 409 2836 signifieat
433 2755 506 2815 nibil
530 2775 594 2817 esse
617 2757 646 2816 in
667 2753 783 2818 bomine
803 2754 942 2830 solidum,
965 2754 1016 2815 sed
1029 2757 1170 2816 *innnuem

44 2831 86 2905 (nt
107 2833 285 2915 lequuntur)
311 2837 515 2918 apparentiam.
554 2833 699 2896 Tenebras
723 2835 839 2916 quidam
859 2841 989 2905 venunt,
1015 2841 1049 2894 nt
1068 2852 1170 2894 sensnm

42 2911 84 2984 til,
100 2913 185 2978 titam
205 2914 331 2976 hominis
351 2931 522 2976 evanescere
540 2921 694 2996 antequam
714 2916 805 2996 possit
825 2933 860 2974 eo
899 2915 972 2974 osui:
993 2913 1044 2972 sed
1063 2913 1169 2994 stmptt

45 2991 103 3050 aiter
140 2993 266 3054 medicei
280 2991 377 3054 David
402 2995 438 3055 de
452 2994 570 3076 singulis
585 2991 747 3054 bominibus
761 2994 840 3076 quod
880 2993 963 3052 aulus
983 2997 1011 3056 1.
1022 2992 1120 3052 Corin.
1137 2995 1168 3068 ⁷,

45 3071 84 3131 31.
106 3013 141 3132 ab
161 3079 261 3135 totum
285 3073 425 3134 mnndum
445 3073 587 3148 ex'tendit,
607 3093 711 3154 nempe
728 3075 850 3152 bannire
869 3074 930 3132 eius
948 3071 1078 3152 figuram.
1118 3069 1171 3132 At-

781 2123 788 2138 ’
819 2120 977 2198 aliudesse
998 2123 1086 2200 quim
1106 2119 1169 2180 bnl·

45 3151 735 3315 ttttt‘ttitttpttttttt'gtt
776 3155 1171 3304 ”ittttttsttttt

44 3310 212 3388 tumultuari,
238 3312 369 3374 numnius
389 3319 435 3374 sse
452 3313 600 3388 vanitatis,
621 3315 680 3374 aeni
699 3314 832 3384 dixisset,
851 3312 942 3372 videri
961 3313 990 3371 in
1011 3309 1066 3390 ltoo
1085 3317 1171 3370 nelos

44 3385 173 3464 homines,
192 3397 226 3452 nt
245 3392 289 3452 bis
309 3391 421 3453 ridiculi
440 3394 506 3464 sint,
549 3395 594 3453 nia
614 3409 717 3473 parum
738 3411 755 3452 a
776 3393 893 3474 spectris
912 3389 1058 3451 differantt
1078 3395 1107 3450 et
1127 3396 1170 3452 ta·

44 3485 97 3526 men
115 3471 217 3546 stultis,
236 3473 296 3531 imo
315 3473 420 3532 insanis
440 3474 517 3532 euris
583 3479 640 3532 stra
660 3491 691 3532 se
710 3472 837 3553 fatigent
859 3470 982 3532 *Clarius
1003 3475 1169 3542 antemnis-¹

44 3547 128 3622 primii
149 3567 199 3610 ens
223 3551 365 3634 desipere,
390 3551 469 3634 quod
494 3551 563 3612 dnm
588 3571 620 3612 se
645 3553 730 3612 anxie
754 3559 897 3634 oeenpnnt
916 3554 945 3610 in
966 3549 1169 3610 eoaeertnndis

44 3625 147 3706 opibus,
169 3631 226 3690 illis
252 3633 283 3691 in
306 3639 432 3692 mentem
451 3649 512 3692 uon
530 3633 609 3692 venit
628 3631 721 3692 subita
741 3633 780 3692 mi
834 3633 882 3690 tio.
916 3627 1071 3708 'Quorsum
1092 3631 1169 3691 enim

43 3721 69 3762 se
87 3707 154 3768 adeo
173 3717 363 3785 macerarent,
388 3712 444 3771 nisi
463 3713 739 3794 quiaimnginantnr
758 3713 787 3790 ni
809 3711 829 3770 il
848 3709 901 3771 sibi
922 3709 1072 3770 suilieere'?
1113 3709 1168 3769 Pe·

43 3785 112 3846 rlude
131 3790 208 3850 euim
233 3807 285 3850 sna
300 3789 476 3871 ¹inenplebili
500 3791 655 3873 eupiditate
681 3809 781 3851 omnes
806 3789 905 3850 rnnndi
925 3791 1022 3870 copias
1041 3789 1166 3870 ingurgi·

44 3866 110 3939 lant,
132 3869 190 3928 ansi
214 3877 330 3930 eentum
348 3869 453 3930 seeulis
468 3878 567 3932 essent
586 3872 697 3931 viotnri.
737 3869 831 3930 Porro
850 3890 909 3930 non
928 3871 1030 3930 eodem
1050 3871 1168 3928 omuino

45 3958 119 4004 tenen
135 3945 231 4008 David
250 3949 399 4010 bominum
419 3952 567 4010 avaritiam
587 3949 704 4025 deridet,
726 3968 785 4032 quo
804 3949 925 4010 Solomo
946 3948 1104 4022 aroteres,
1122 3950 1168 4010 ii:

45 4023 182 4100 quianon
204 4033 316 4090 mutum
342 4029 378 4090 de
401 4028 572 4090 haeredibus
596 4029 739 4110 loquitur,
765 4030 814 4090 sed
840 4029 1008 4111 generaliter
1028 4028 1097 4086 dicit
1116 4043 1166 4086 eos

44 4107 167 4184 Ἀΐδεω,
186 4125 275 4186 quum
293 4116 391 4169 tannen
411 4109 539 4170 nestun
558 4109 594 4170 ad
611 4129 697 4190 quem
712 4112 900 4192 perventurus
918 4111 955 4167 sit
970 4110 1088 4180 innotus,
1108 4107 1167 4166 vel·

45 4176 95 4240 lent
112 4185 226 4264 quidem
243 4187 298 4256 sibi
317 4187 480 4250 consulere:
499 4189 551 4250 sed
570 4205 644 4270 qnae
665 4190 806 4250 merentia
826 4196 870 4249 est
890 4188 1040 4248 infeliciter
1059 4191 1166 4246 se'tor·
1238 4209 1242 4216 ·

45 4277 123 4352 qptre
146 4263 274 4328 inanibus
294 4267 370 4330 ends
390 4284 464 4364 qnae
483 4269 595 4330 nullum
613 4267 703 4330 linem
721 4289 776 4330 nee
795 4269 913 4330 modum
933 4265 1075 4326 bebrant?
1099 4263 1167 4326 Fer·

45 4338 115 4400 utar
136 4345 212 4405 enim
234 4353 263 4408 et
287 4349 458 4430 praeeipites
475 4365 558 4409 ouras
578 4348 709 4425 damnat,
734 4347 838 4430 quibus
857 4348 966 4428 abrepti
985 4345 1097 4426 profani
1118 4343 1168 4405 bn-

45 4415 140 4497 Μ,
164 4423 276 4490 edum
294 4433 388 4490 terrae
406 4427 541 4506 mimnt,
566 4425 636 4490 dnm
654 4447 686 4490 se
703 4413 922 4570 mortalffsbe
940 4439 1004 4488 non
1020 4431 1166 4508 reputant:
