2804 4890
258 297 266 344 t
471 285 822 334 innatamus
1098 299 1104 326 t
1157 292 1213 352 233

62 417 103 476 et
125 407 274 500 repenfflt
299 407 428 478 abunde
454 407 590 500 superbe
610 431 647 476 ee
667 409 797 500 gerenti.
842 369 896 480 bd.
918 409 1137 481 Fortitervos
1163 437 1213 506 ge·

60 513 140 598 rite,
162 525 198 584 et
217 513 380 583 roborabit
401 537 457 584 cor
476 523 634 599 vestatun,
661 537 775 584 omnes
797 515 852 608 qui
874 517 1006 608 speratis
1027 518 1061 586 in
1082 517 1211 590 lehova.

156 664 209 722 22.
229 661 271 720 Et
295 681 364 756 epe·
378 661 452 720 diet.
492 657 610 722 Fatetur
634 659 691 720 hoc
715 679 801 722 versu
821 659 917 722 David
935 682 967 722 sc
986 661 1141 726 diffidentia
1160 686 1212 728 sna

83 741 262 798 romeritnan
281 738 369 800 fuisse
389 747 422 799 ut
442 739 570 802 desertus
590 748 619 802 ct
638 740 764 802 abiectus
783 760 801 800 a
820 739 885 801 Deo
905 743 1020 821 periret,¹
1039 743 1211 824 probrosum

60 759 128 878 boc
148 820 267 900 (pridem
285 826 348 878 eret
367 838 464 880 coram
483 818 660 880 hominibus:
680 822 730 898 sed
751 841 809 900 quo
829 821 930 880 ntclius
945 821 1067 884 illustret
1078 821 1133 884 Dei
1147 817 1210 904 grass

61 900 151 972 tiam,
172 919 232 958 non
252 899 363 960 dubitat
381 901 443 958 vitii
462 901 506 959 sui
527 900 648 962 dedecus
667 901 762 982 palem
782 901 883 960 lacere.
917 898 1044 962 Eandem
1064 902 1124 964 lere
1143 925 1213 968 con·

59 979 228 1039 tassionem
252 985 362 1062 repetet
380 977 456 1038 Psal.
478 983 545 1042 116.
584 978 647 1060 Ego
667 981 725 1040 dixi
745 983 775 1039 in
795 982 1027 1061 praecipitatione
1046 969 1118 1058 mea,
1139 982 1210 1044 Orn-

60 1061 114 1118 nis
137 1057 229 1118 borno
249 1057 382 1118 mendax.
422 1059 500 1133 Scio,
521 1061 586 1126 ἷΕΠ
607 1079 624 1120 a
645 1059 813 1142 quibusdem
833 1062 940 1141 exponi
959 1081 1012 1141 pro
1033 1062 1109 1142 luge,
1152 1065 1212 1124 uasi
1303 1133 1311 1146 ἱ

60 1137 170 1198 David
191 1144 313 1198 mortem
333 1137 466 1220 fugitans,
486 1146 636 1220 propterea
656 1140 734 1220 quod
753 1141 845 1220 impar
864 1147 938 1200 esset
958 1084 1219 1219 ad=resistenbum,⁴

61 1218 127 1278 boc
148 1237 259 1298 pavore
278 1217 363 1278 luerit
382 1218 539 1299 persedens.
577 1217 637 1280 Sed
657 1239 710 1298 ego
729 1219 766 1280 ad
785 1221 871 1280 animi
891 1220 1131 1300 perturbationem
1151 1243 1211 1284 me-

47 1299 112 1379 ·gis
132 1297 238 1358 raino.
278 1296 378 1376 ltaque
397 1300 458 1358 sive
476 1297 697 1360 Festinationem
715 1306 819 1372 vertas,
839 1299 900 1360 sive
919 1300 975 1360 alic
993 1301 1091 1378 modo,
1111 1301 1213 1364 intelli·

62 1379 126 1458 git,
152 1397 186 1438 se
206 1379 288 1457 qnasi
307 1379 491 1460 praecipitem
511 1379 598 1440 inisse
617 1379 780 1459 abreptum,
805 1386 838 1439 ut
858 1398 889 1440 se
908 1387 1021 1460 putaret
1040 1400 1058 1442 a
1077 1377 1143 1442 Deo
1164 1402 1212 1442 ne·

64 1458 150 1538 gligi.
193 1455 361 1538 Oppositus
384 1466 480 1519 autem
505 1459 576 1520 haee
600 1459 742 1520 festinatio
762 1461 864 1520 rationi
884 1461 996 1520 sedatae
1016 1467 1045 1520 ct
1069 1461 1212 1543 composi·

64 1547 131 1596 tac:
158 1539 228 1618 qnia
246 1539 299 1596 ctsi
319 1539 564 1619 metntpsrcutsus
583 1539 637 1600 fuit
655 1537 761 1612 David,
780 1543 839 1600 non
858 1546 954 1600 tamen
974 1540 1133 1614 succubuit,
1153 1543 1212 1602 acsi

65 1616 130 1676 fixa
151 1619 183 1676 in
203 1618 264 1676 eins
284 1624 379 1678 mente
399 1620 521 1680 stetisset
540 1619 612 1680 baec
630 1621 786 1700 persuasio.
811 1619 925 1680 Scimus
945 1619 1030 1692 enirn,
1050 1639 1135 1701 saepe
1154 1628 1211 1680 ter-

67 1696 188 1758 roribus
214 1697 365 1776 inquietari
383 1696 496 1773 fideles,
521 1705 550 1760 et
568 1700 681 1760 fervore
700 1700 906 1778 impatientiae,
930 1701 983 1774 vel
997 1702 1118 1760 nimium
1139 1701 1210 1762 cele·

64 1777 151 1836 ribus
174 1778 250 1836 voti's
275 1778 365 1857 quasi.
381 1780 548 1859 praecipites
572 1777 695 1859 impelli:
716 1779 765 1838 scd
785 1786 885 1860 postea
904 1779 999 1838 redire
1016 1778 1052 1854 ad
1072 1799 1102 1839 se
1121 1781 1209 1860 ipsos.

67 1855 165 1935 Quod
184 1863 277 1918 subm
297 1856 354 1918 bac
371 1859 527 1918 tentatione
545 1877 694 1940 nunquam
713 1877 833 1920 excusse
852 1857 1052 1918 snoritDavidi
1072 1859 1151 1934 fides,
1171 1879 1210 1920 cx

70 1943 214 1996 eontextn
237 1943 330 2014 patet:
355 1939 423 2017 quie
447 1957 517 1998 mcx
542 1937 619 1998 addit
639 1937 786 2000 exauditas
801 1937 893 1998 inisse
912 1957 978 1998 snas
997 1957 1110 2019 preces,
1131 1937 1210 2019 atqui

56 2019 202 2077 extincta
223 2015 282 2076 fide
308 2018 412 2079 serium
437 2017 570 2098 precandi
589 2019 723 2079 allectum
742 2019 892 2101 concipere
911 2039 969 2078 non
989 2020 1096 2098 potuit,
1122 2039 1211 2099 quare

69 2097 124 2158 bie
148 2098 333 2157 festinationis
358 2104 470 2158 tantum
490 2098 587 2179 lapsus
606 2098 669 2161 fuit
709 2094 798 2176 Quod
817 2100 841 2158 ei
860 2105 989 2158 sanctum
1008 2095 1065 2158 Dei
1083 2097 1212 2180 Prophe·

67 2185 150 2252 um,
172 2184 311 2258 tantaque
334 2178 506 2258 praestantia
530 2183 664 2238 ornatum
687 2177 968 2260 indesperetionem
992 2197 1092 2258 rapere
1115 2179 1211 2258 potuit

68 2265 260 2337 praepostera
284 2259 463 2352 cogitationis
486 2258 642 2320 testinatiot
672 2264 848 2340 quantopere
877 2256 960 2316 nobis
985 2258 1142 2318 timendum
1166 2263 1212 2318 eet
1294 2317 1299 2324 ,

68 2355 111 2395 ne
137 2337 246 2396 exitiali
271 2357 353 2396 rnrua
378 2339 463 2398 animi
488 2337 571 2398 nobis
597 2339 766 2398 concidant?
789 2339 843 2400 etei
862 2345 959 2398 autem
979 2338 1016 2396 ad
1036 2337 1210 2418 amplitican·
1251 2367 1257 2374 ·
1362 2399 1365 2408 ,

69 2415 141 2475 dem
162 2413 219 2474 Dei
244 2417 364 2494 gratiana
386 2419 511 2498 pertinet
535 2417 606 2478 baec
629 2419 783 2492 conlusio,
807 2425 840 2478 nt
860 2419 997 2480 cinximus:
1024 2419 1148 2478 secundo
1168 2425 1211 2478 ta·

68 2515 140 2554 men
161 2493 290 2556 membro
311 2497 378 2556 satis
398 2497 573 2558 demonstret
582 2497 686 2573 David,
706 2497 791 2559 fidem
811 2519 904 2574 suam,
922 2499 1052 2578 quamvis
1072 2515 1211 2561 concussa
1294 2535 1296 2542 c

68 2575 169 2650 ineu-it,
190 2595 252 2636 non
267 2575 357 2642 ,lubae
375 2583 471 2637 tamen
491 2577 626 2638 radicitus
645 2577 787 2638 evulsam:
808 2581 876 2659 quia
896 2579 1005 2658 precari
1024 2579 1130 2638 interea
1149 2597 1209 2638 non

69 2655 188 2714 destitit.
210 2655 256 2722 lto
269 2655 515 2736 soepebocmodo
525 2658 670 2718 luctantur
685 2659 774 2718 sandi
790 2677 857 2718 cunr
866 2652 980 2738 propria
992 2655 1158 2726 diffidentia,
1176 2653 1210 2716 ut

92 2735 177 2794 artim
188 2733 342 2810 labascent,
358 2738 460 2816 partim
471 2739 581 2798 animos
592 2757 659 2798 snos
669 2738 804 2818 colligant
813 2745 843 2798 et
852 2737 970 2798 efferant
980 2735 1016 2794 ad
1025 2736 1209 2816 precandum.

67 2755 133 2876 Res
153 2818 250 2874 obstat
268 2817 361 2875 cernis
380 2816 531 2876 infirmitas
551 2819 705 2896 quominus
724 2819 810 2878 etiem
829 2817 888 2878 sere
913 2815 1028 2889 deiecti,
1052 2815 1209 2881 indefessos

68 2893 319 2956 Dwathtetnsne
339 2896 499 2977 praebeant.
520 2894 695 2977 Quanquam
715 2904 811 2962 autem
831 2897 980 2957 tentationi
991 2893 1085 2954 David
1095 2903 1210 2956 strcnus

67 2976 624 3134 ttttttlttttttlltlll
643 2977 730 3116 iiii‘
749 2974 1211 3148 *ttlttttfflltttttt
1256 3087 1257 3090 γ

68 3135 215 3194 versutiae
235 3137 358 3216 capitur:
379 3136 458 3216 qnod
477 3135 585 3196 scilicet
603 3077 869 3216 praeter-beritum
884 3097 1009 3193 salvatus
1040 3131 1124 3192 luerit
1150 3131 1211 3194 Da,-

68 3215 129 3288 vid,
150 3215 220 3294 qnia
243 3233 311 3274 cum
334 3215 396 3276 eins
414 3215 580 3276 infidelitate
600 3217 719 3275 certavit
737 3217 874 3275 immensa
894 3213 952 3274 Dei
971 3213 1091 3274 bonitas.
1165 3214 1211 3274 uia

68 3299 169 3354 tannen
192 3300 264 3354 nota
287 3301 332 3354 est
356 3293 553 3356 affirmationis
573 3295 649 3377 apud
669 3293 829 3370 Hebraeos,
853 3293 961 3376 placuit
984 3293 1118 3369 reddere,
1177 3294 1209 3354 ti·

70 3393 130 3455 que
156 3380 264 3432 tamen
303 3371 364 3434 Nec
393 3395 463 3434 vcro
494 3374 593 3435 dubito
624 3377 694 3456 quin
724 3377 810 3434 variis
838 3393 902 3435 cam
931 3373 1133 3436 tentationibus
1158 3394 1211 3458 op·

67 3459 174 3534 ponat,
199 3453 303 3532 quibus
327 3455 453 3514 animum
477 3456 539 3516 cius
559 3455 616 3514 buo
635 3456 704 3516 illuc
723 3455 877 3536 impulsum
897 3453 984 3514 fuisse
1004 3453 1137 3514 credibile
1156 3458 1209 3515 est.

147 3536 200 3594 23.
220 3535 349 3615 Diligite
368 3537 517 3595 Isbonnm.
556 3533 623 3594 Non
643 3533 776 3595 hortatur
796 3535 851 3608 bic,
870 3554 935 3594 meo
955 3533 1069 3609 iudicio,
1089 3536 1153 3615 pios
1173 3533 1210 3594 ed

68 3609 126 3671 Dei
146 3615 280 3672 timorem
300 3620 331 3673 et
350 3617 643 3688 sustentamino
662 3615 745 3676 multi
765 3615 880 3674 volunt:
901 3614 951 3674 sed
971 3619 1083 3674 tentum
1103 3636 1153 3676 eos
1173 3615 1211 3674 ad
1311 3623 1315 3630 “

67 3691 206 3752 fiduciam
225 3693 340 3765 animet,
360 3697 418 3754 acsi
437 3694 547 3755 iuberet
565 3714 683 3775 prorsus
703 3686 911 3756 addictos'ee'se
931 3691 1010 3770 Deo,
1030 3714 1095 3775 spes
1110 3715 1211 3756 omncs

68 3791 136 3832 snas
157 3773 188 3832 in
207 3791 274 3832 enm
294 3773 443 3850 conticere,
461 3781 491 3834 et
510 3773 541 3834 in
560 3793 596 3834 eo
615 3777 729 3854 penitus
749 3775 937 3853 acquescere,
957 3793 994 3834 ne
1012 3775 1068 3836 elio
1083 3775 1212 3835 ferantur

66 3852 147 3912 unde
172 3853 249 3912 enim
268 3851 302 3912 fit
320 3858 353 3913 nt
372 3873 426 3914 nos
445 3853 588 3914 oblectent
606 3861 704 3914 nostra
724 3853 872 3936 figmenta,
896 3855 951 3938 nipi
971 3856 1036 3936 qnia
1055 3874 1115 3928 nop
1127 3855 1209 3934 vsapit

66 3930 153 3992 nobis
163 3927 255 4006 Dens,
275 3937 308 3991 ut
327 3951 380 4014 par
392 3941 466 3994 erat:
486 3953 539 4001 nec
554 3934 581 3993 ci
595 3953 694 3994 sensus
710 3953 808 3994 omnes
823 3936 915 4016 nostri
930 3935 1101 3996 adbaerent?
1120 3955 1209 4016 quare

68 4011 187 4070 dilectio
213 4011 298 4086 baec,
322 4019 457 4074 votorum
482 4014 611 4074 omnium
631 4033 772 4075 summam
790 4015 819 4074 in
841 4034 871 4074 sc
891 4017 1027 4076 continet.
1067 4011 1208 4074 Naturali·

68 4097 113 4150 ter
131 4092 206 4152 bene
226 4098 255 4152 et
273 4091 355 4152 beate
374 4094 427 4154 sibi
446 4113 509 4156 esse
529 4095 648 4176 cupiunt
666 4113 780 4157 omnes:
805 4095 854 4154 sed
874 4093 943 4154 dum
958 4095 1050 4155 maior
1063 4113 1129 4174 pars
1148 4094 1207 4154 ille·
1299 4167 1303 4174 ι

69 4169 163 4230 cebris
187 4172 288 4232 medi
307 4179 405 4253 oppia,
428 4173 577 4242 mendacia
595 4183 625 4234 ct
644 4176 815 4256 imposturas
836 4175 938 4254 diligit,
963 4176 1014 4249 pix
1039 4175 1208 4250 centesimus

68 4251 404 4392 tttlttatt‘ttl
423 4251 1210 4395 ”tlstttttnstt“ltetffltltttlttttt

69 4405 228 4491 Propheta,
247 4409 315 4494 qnia
334 4429 449 4476 rerscoe
468 4413 620 4498 mennas,
638 4413 838 4496 perindeesgo
852 4415 969 4504 Νηρεῖ
983 4419 1131 4482 uomens
1146 4432 1209 4490 ene

210 4681 220 4716 t
