2804 4890
193 279 248 338 230
561 268 564 278 “
629 271 917 317 benetune

196 405 258 482 det,
282 397 429 484 profeietur
452 417 485 461 se
508 417 546 463 eo
564 397 684 460 eundo
701 395 808 458 iretum
826 413 887 457 uon
904 369 1053 476 imsgioui
1071 392 1213 458 fortuitos
1235 401 1269 458 et
1288 415 1347 459 ese

195 505 247 548 eos
270 487 406 556 eventus,
431 497 505 560 quoe
529 478 617 560 vulgo
638 483 776 538 metum
800 473 940 536 bomiuee.
980 459 1101 536 Perinde
1120 475 1202 536 enim
1223 483 1274 538 ose
1292 481 1350 539 sesi

102 577 105 584 '
194 565 322 638 dixisset,
342 559 481 636 Domine,
500 577 589 641 penes
608 564 637 618 te
656 558 759 618 mortio
778 575 813 616 uo
831 555 909 616 vitoe
928 573 1010 616 mooe
1030 553 1180 624 arbitrium
1199 561 1350 639 eetetpo-

195 652 292 716 tentos,
313 658 480 735 quenquam
500 657 560 698 non
578 643 687 698 temone
706 635 809 718 pluroli
824 653 944 730 numero
961 653 1046 730 usum
1060 653 1127 730 osee
1137 633 1286 732 arbitrer,
1302 639 1350 696 oed

191 723 797 865 ttffltttttttdttiet:
809 711 1219 874 iiitiimiiishiiffi'
1234 715 1350 856 22⁹⁴*

192 902 281 944 suum
301 821 427 940 reicies
446 897 513 938 suos
524 875 620 938 David
638 878 669 936 in
688 895 776 936 moun
786 871 843 934 Dei
863 893 927 934 esse
946 873 1113 954 simpliciter
1132 874 1268 936 dixisset.

195 964 294 1041 iteque
309 979 367 1020 uon
383 958 481 1018 dubito
496 959 566 1037 quin
582 958 674 1019 venes
690 954 878 1016 resolutiones
894 955 1038 1033 cogitans,
1062 959 1166 1034 totque
1182 956 1347 1016 dismimim

195 1059 272 1124 quoe
292 1039 406 1099 assiduo
424 1037 600 1118 impendent,
619 1041 672 1096 tot*
682 1036 846 1116 inopinatos
865 1040 986 1094 eventus
1008 1034 1058 1114 qui
1067 1033 1191 1094 subinde
1201 1037 1348 1108 occidunt,

196 1139 296 1182 secure
321 1118 504 1178 nibilominus
528 1115 680 1176 recumbat
698 1116 728 1174 iu
748 1112 805 1174 Dei
825 1113 1047 1194 providentium:
1114 1116 1140 1172 iu
1161 1116 1269 1212 statuit
1287 1135 1348 1176 eum

195 1193 1348 1358 tti‘ttoegtz‘t‘ttttttittttttttt‘ndtt?‚ttt

197 1367 258 1420 tum
277 1377 359 1417 suem
378 1355 502 1417 affirmet
521 1373 584 1417 esse
603 1355 634 1416 in
653 1356 715 1415 eius
734 1373 835 1414 mauu:
854 1371 949 1434 neque
967 1353 998 1412 id
1017 1353 1197 1434 simpliciter,
1218 1355 1274 1414 sed
1289 1357 1348 1435 qui-

197 1439 366 1517 buscunque
390 1437 497 1496 versari
522 1435 614 1496 modis
640 1434 802 1514 contingat,
826 1433 901 1494 iuter
921 1451 1020 1494 omues
1041 1432 1257 1494 vicissitudines
1276 1437 1348 1516 pou'-

197 1525 257 1578 torn
283 1535 398 1596 semper
421 1534 482 1654 cepe
509 1513 562 1654 isub
582 1511 640 1574 Dei
663 1531 767 1574 menn:
791 1511 859 1574 binc
876 1513 1070 1595 precationem
1090 1511 1219 1590 deducit,
1240 1521 1274 1574 ut
1291 1533 1349 1574 ser·

197 1605 281 1660 vetur
300 1616 317 1655 e
336 1613 424 1655 moun
464 1601 578 1656 osium.

278 1679 327 1740 16.
350 1677 465 1738 Luem
486 1677 544 1757 soc
568 1697 656 1756 super
680 1695 797 1736 cereum
825 1680 911 1734 tuum
931 1673 1044 1752 sociem
1066 1681 1162 1734 tuom.
1207 1671 1343 1734 Diximus

197 1756 276 1832 olibi,
297 1763 327 1816 et
346 1763 448 1837 posteo
467 1755 631 1826 ridebimus¹
648 1753 778 1836 pluribus
797 1753 877 1828 iocis,
895 1752 970 1812 bene
989 1753 1126 1836 loquendi
1146 1753 1269 1814 formem
1287 1756 1339 1812 dn·
1384 1761 1385 1798 t

164 1870 170 1882 =
199 1845 277 1900 ctum
300 1855 362 1896 esse
389 1854 406 1896 u
432 1835 578 1896 communi
602 1833 752 1894 bominum
778 1853 878 1906 sensu,
903 1833 953 1912 qui
978 1851 1009 1893 se
1034 1830 1137 1892 nDeo
1164 1853 1226 1894 uon
1244 1835 1342 1914 respici
1384 1819 1385 1890 i

87 1967 90 1978 .
198 1917 378 1996 existiment,
403 1916 458 1974 nisi
483 1915 596 1996 reipsa
615 1921 644 1974 et
663 1915 769 1974 effectu
788 1911 918 1973 ostendet
938 1913 969 1972 sd
990 1931 1086 1992 gerere
1112 1931 1216 1972 eurum
1237 1932 1341 1974 eurem.
1384 1919 1385 2002 i

199 1991 265 2058 Nou
276 1998 352 2056 enim
362 2015 442 2056 secus
452 1993 554 2056 ieoiem
564 1995 626 2054 eius
639 1993 792 2054 obscurent
801 1991 978 2064 afflictiones,
987 2011 1022 2052 eo
1033 1991 1243 2068 nebulee,solis
1254 1995 1343 2074 spien-

200 2078 278 2138 dore.
302 2075 378 2135 Petit
387 2077 473 2158 igitur
483 2073 590 2150 David,
604 2076 747 2154 praesenti
758 2071 813 2132 Dei
823 2073 930 2132 auxilio
945 2072 998 2132 sibi
1011 2071 1105 2154 palam
1121 2071 1196 2146 fieri,
1207 2075 1302 2155 ipsum
1312 2075 1343 2134 rt

199 2157 228 2217 bi
249 2156 407 2236 propitium
426 2174 489 2216 esse
509 2174 544 2216 uc
563 2153 720 2214 foventem:
741 2151 820 2234 quod
839 2155 869 2212 iu
889 2153 1074 2213 eiilietionum
1089 2153 1342 2233 eetigineoeruere,

200 2256 260 2298 uon
286 2236 327 2294 itu
352 2235 435 2294 iecile
459 2243 529 2295 erut.
571 2231 747 2313 Quanquam
771 2231 883 2292 duobus
905 2231 1000 2293 modis
1025 2232 1126 2292 sociem
1151 2251 1237 2294 enom
1264 2253 1343 2314 super

72 2375 74 2383 ,
199 2307 255 2378 nos
275 2313 418 2375 illustrare
438 2313 555 2374 dieitur:
580 2313 629 2373 vei
648 2333 739 2394 quum
760 2313 861 2374 oeulos
882 2314 975 2394 operit
993 2312 1030 2371 nd
1049 2331 1095 2372 res
1114 2319 1233 2372 nostres
1248 2332 1342 2374 ennu-

194 2396 264 2467 doe,
286 2394 332 2453 vel
352 2412 443 2489 quum
462 2393 592 2455 tenorem
612 2413 696 2454 suum
715 2391 800 2452 nobie
818 2393 950 2454 ostendit.
971 2389 1046 2452 Sunt
1065 2392 1183 2472 quidem
1203 2393 1277 2452 boec
1290 2393 1341 2454 duo

114 2539 121 2554 Ι
201 2474 286 2536 simul
307 2479 469 2548 coniuncte,
488 2475 547 2534 imo
568 2473 690 2534 ultorum
708 2493 747 2534 ex
766 2471 857 2532 eltero
877 2471 995 2553 pendet:
1015 2472 1066 2532 sed
1085 2474 1115 2532 in
1130 2475 1230 2554 priore
1244 2473 1339 2554 loquu-

83 2549 110 2610 .'
201 2555 295 2626 tione,
321 2573 374 2634 pro
400 2573 486 2614 sensu
504 2554 596 2614 cornis
616 2559 732 2613 nostrae
750 2549 886 2613 tribuitur
904 2550 961 2612 Dei
980 2553 1115 2627 mutatio,
1135 2571 1213 2633 quoe
1232 2556 1339 2648 proprie

202 2637 232 2698 iu
259 2631 355 2692 Deum
381 2651 439 2694 nou
465 2635 611 2714 competit.
656 2632 789 2709 &cundo
814 2639 910 2692 nutem
935 2633 1066 2712 loquutio
1090 2635 1242 2714 exprimit,
1267 2634 1339 2694 nobo

202 2715 301 2798 potins
326 2731 413 2794 quom
432 2713 498 2774 Deo
523 2715 636 2774 clausos
656 2733 719 2774 esse
738 2713 786 2772 vel
806 2711 921 2772 hebetes
941 2713 1057 2781 oeulos,
1073 2711 1216 2810 quamdiu
1235 2713 1339 2774 videtur

203 2793 330 2856 miserius
350 2801 461 2854 nostrus
481 2813 540 2854 non
560 2813 668 2854 curere
688 2795 834 2855 Servon&
855 2791 942 2851 verbo
962 2792 1032 2874 quid
1052 2813 1131 2874 prius
1145 2793 1280 2867 voluertt,
1297 2813 1339 2852 ex·

204 2876 304 2956 plieut,
326 2876 393 2954 quie
413 2881 511 2934 eutem
529 2873 610 2934 uuile
628 2881 699 2934 tone
718 2871 850 2934 exstabat
869 2871 968 2933 solutis
988 2873 1071 2950 ratio,
1090 2872 1128 2932 ed
1147 2891 1214 2934 eum
1234 2891 1337 2956 speruu-

205 2956 271 3014 dum
297 2956 444 3035 proposito
464 2954 591 3014 bonitate
610 2973 641 3013 se
661 2955 777 3014 enimet.

285 3037 333 3096 17.
353 3039 463 3095 ietooo
483 3057 519 3095 oe
539 3037 702 3116 podefiom.
746 3033 934 3114 Prosequitur
968 3045 1051 3094 suem
1083 3033 1293 3112 predationem,
1313 3039 1337 3092 et

100 3097 104 3108 ⁸
206 3134 266 3256 pue
286 3114 359 3251 plup
372 3117 432 3195 spei
452 3116 603 3194 concipiet,
624 3135 654 3174 se
674 3113 804 3173 hostibus
823 3115 881 3172 suis
901 3114 1032 3193 opponit,
1048 3113 1118 3252 &iis
1134 3111 1178 3172 bis
1194 3113 1337 3172 sbeurduu

220 3215 237 3254 u

239 3196 315 3267 isset,
336 3194 400 3254 rlos
420 3195 537 3274 impune
556 3193 644 3268 elabi,
664 3209 789 3274 quorum
808 3193 938 3273 impietus
957 3176 1029 3252 irum
1124 3199 1225 3273 aperte
1244 3213 1337 3274 provo·
1383 3217 1384 3228 ¹

206 3275 304 3334 cobet:
332 3273 481 3332 innoxium
501 3291 571 3333 vero
590 3274 736 3333 homiuem
756 3273 856 3352 quiin
875 3269 972 3331 Deum
991 3271 1178 3346 recubuerat,
1202 3289 1271 3332 eum
1288 3273 1335 3332 iru-

207 3355 344 3412 strotione
373 3351 495 3412 ludibrio
525 3355 640 3432 exponi.
684 3352 826 3412 Tenemus
852 3371 929 3412 nnuc
949 3353 1016 3432 quid
1036 3349 1132 3412 velent
1156 3355 1334 3434 compumtio.
1383 3385 1384 3406 r

207 3433 308 3508 Porro,
327 3434 388 3513 spei
410 3433 456 3491 vel
475 3429 596 3492 fiduciae
616 3434 681 3492 loeo
701 3451 778 3491 nnnc
798 3433 941 3492 invocabo
960 3434 1077 3513 ponitur
1096 3439 1125 3492 et
1145 3436 1263 3493 merito:
1282 3433 1337 3512 quir
1383 3413 1384 3494 i

206 3531 321 3608 necesse
347 3519 392 3608 est
417 3519 451 3610 ut
470 3512 507 3572 ud
526 3511 622 3608 Deum
642 3513 803 3608 confugiet,
822 3518 852 3608 et
870 3519 938 3572 vote
959 3531 1010 3572 sun
1030 3513 1229 3592 clemoresque
1249 3513 1336 3593 diriget
1383 3511 1384 3546 ¹

208 3611 487 3752 ttttisfstt
505 3590 1336 3754 ttttttzttttt,itttttwdtit

207 3753 279 3812 lium
305 3771 374 3812 vero
402 3759 460 3812 tom
488 3753 649 3822 dolosiset
673 3750 789 3834 perfidis
809 3691 1065 3814 machinationibus
1083 3771 1172 3832 φιιιιι
1193 3753 1336 3814 tumultoso

207 3833 294 3892 iustui
320 3836 482 3912 opponitur.
523 3831 590 3892 ldeo
614 3853 685 3893 mox
709 3833 842 3916 proximo
867 3849 953 3892 versu
973 3831 1058 3907 addit,
1081 3831 1284 3894 Οόωιιιοιωιιι
1301 3835 1339 3892 lu·

135 3926 139 3936 ’
208 3914 257 3974 dtu
277 3915 431 3990 ioeodocii,
453 3932 509 3994 que
537 3931 609 3974 voce
628 3933 695 3972 eum
715 3912 866 3992 complecti
885 3913 1057 3993 interpretor
1076 3918 1136 3972 tem
1146 3912 1338 3980 vafritiemii·

208 4001 273 4070 otus·
290 3993 325 4052 ed
348 3991 574 4072 persuedeudum
594 3993 706 4052 colores
725 3999 755 4052 ot
775 3992 943 4064 eeinmuius,
967 4011 1055 4074 quem
1074 3997 1227 4052 ventosum
1245 3995 1338 4054 iecten·

206 4073 286 4130 tium.
328 4070 407 4131 Dicit
426 4075 502 4131 euim
523 4071 626 4131 dorum
644 4073 694 4143 vel
714 4071 904 4168 prestructum
924 4068 1003 4152 ioqui
1024 4078 1123 4132 contre
1144 4073 1246 4148 iustos,
1264 4073 1337 4151 idque

16 4115 17 4164 ἕ
136 4195 141 4218 ,
206 4151 236 4210 to
264 4151 398 4231 superbio
418 4160 448 4211 et
467 4159 648 4231 contemptu:
674 4171 742 4232 quio
761 4159 820 4212 tem
840 4153 961 4212 eudooes
981 4151 1017 4212 ed
1038 4151 1234 4214 mentiendum
1253 4153 1337 4214 redde

207 4229 257 4292 bet
283 4229 381 4291 hostes
402 4229 520 4292 Doridis
536 4249 678 4370 perverse
704 4232 806 4308 eletio,
832 4246 906 4312 quse
930 4251 1043 4314 semper
1067 4231 1126 4292 iere
1145 4231 1337 4294 contumetiam

209 4329 247 4370 ex
273 4330 305 4370 se
329 4313 417 4390 pprit:
444 4312 510 4392 quie
547 4313 599 4371 reri
623 4313 673 4370 vix
696 4318 793 4390 potest
816 4314 886 4394 quin
913 4311 984 4376 elios
1009 4311 1196 4394 contemptim
1216 4313 1337 4395 copinas

162 4433 166 4440 ,
207 4389 338 4474 quisquis
362 4399 478 4472 arroget
500 4390 554 4454 eibi
577 4390 643 4477 plus
662 4393 748 4452 iusto.
819 4433 823 4442 .
