2726 4888
442 308 787 381 inessemuxxr.
860 327 863 353 t
1080 267 1175 372 ..5¹25
1236 300 1239 310 ’

50 433 65 498 l
93 399 191 502 absis
213 455 230 500 a
254 455 316 516 me,
339 431 428 500 Deus
451 435 495 499 mi
517 433 556 500 ad
577 431 731 500 neafliam
754 455 863 500 mcum
886 433 1006 520 leelina,
1042 435 1094 503 13.
1117 437 1175 504 Pu·

1 541 158 630 efiant,
181 539 327 608 deliciunt
348 533 515 608 adversarii
538 539 661 644 animae
682 563 783 624 meae,
805 539 986 631 operiantur
1002 543 1119 634 probro
1142 529 1175 613 et

7 647 156 718 udone¹
179 655 366 748 quaerentes
387 645 508 714 malum
529 665 648 718 meum.

105 830 138 891 9.
162 827 213 888 Ne
228 834 382 908 protictos.
423 823 498 906 Quia
518 845 611 910 nuper
629 825 735 902 retulit,
755 825 851 888 Deum
865 835 1067 909 susceptorem
1088 830 1174 894 luisse

1 909 142 970 animae
165 925 234 967 sune
254 906 289 965 ab
310 907 435 979 intentio,
457 905 558 966 deinde
577 907 661 966 ctiam
681 907 710 966 iu
736 909 856 988 pueritia
877 911 1029 986 nutritum,
1053 917 1175 992 totoque

6 993 102 1050 vitae
124 987 272 1048 curriculo
291 985 378 1046 luisse
397 986 496 1046 saltatis
516 987 677 1048 custodem:
703 1007 780 1048 uuuo
800 988 878 1048 senio
899 987 1054 1064 conlectus,
1074 993 1102 1051 in
1124 1009 1174 1072 pa·

8 1077 146 1130 ternum
168 1070 228 1126 eius
248 1067 439 1148 gremiumtse
459 1066 557 1126 reiicit.
589 1065 663 1126 Nam
683 1083 742 1147 quo
761 1069 913 1149 nosmagis
933 1069 1069 1133 deliciunt
1088 1060 1186 1146 vires,¹

9 1152 103 1210 sieut
129 1151 138 1206 i
162 1165 194 1206 sa
219 1147 371 1206 necessitas
396 1145 433 1204 ad
452 1145 550 1205 Deum
570 1147 771 1228 quaerendum
793 1167 846 1208 uos
867 1147 1007 1224 sollicitat,
1027 1151 1068 1210 sio
1086 1152 1174 1211 etiam

11 1169 174 1310 speranda
194 1232 239 1286 est
257 1225 318 1285 eius
337 1225 373 1286 ad
394 1245 447 1284 nos
467 1227 607 1287 iuvandos
627 1227 789 1308 propensio.
826 1215 946 1290 S‘ummu
965 1237 1017 1303 est,
1037 1227 1174 1304 Domine,

13 1312 77 1390 qui
98 1328 151 1368 me
172 1311 303 1386 vegetum
324 1307 354 1364 iu
374 1307 445 1366 flore
465 1307 565 1366 aetatis
584 1307 751 1381 sustinuisti,
775 1325 811 1366 uc
830 1307 886 1366 iem
906 1307 1045 1369 caducum
1064 1318 1094 1370 et
1112 1311 1174 1370 lere

15 1387 210 1450 emarcidum
231 1385 380 1446 destituas:
401 1385 450 1445 sed
471 1406 529 1465 quo
549 1388 639 1466 magis
664 1391 713 1444 tua
734 1405 789 1466 ope
808 1387 936 1468 indigeo,
960 1395 989 1448 te
1008 1389 1044 1448 ad
1064 1389 1176 1449 miseri·

16 1469 162 1530 cordiam
182 1468 278 1526 flectat
297 1483 377 1525 meus
398 1465 532 1526 deiectus.
568 1465 613 1525 Ex
633 1465 690 1526 boo
709 1485 795 1526 versu
814 1487 872 1526 non
892 1473 999 1528 tamem
1018 1471 1176 1530 coniiciunl

18 1551 203 1629 interpretes
223 1565 384 1605 sermonem
404 1543 500 1604 haberi
520 1547 549 1606 iu
564 1545 621 1606 lroo
631 1543 745 1606 Psalmo
766 1545 801 1606 de
821 1548 1015 1608 coniuratione
1025 1549 1172 1609 Abselom.
1256 1545 1258 1554 ⁴

19 1632 67 1690 Et
89 1634 170 1696 certe
190 1623 323 1685 horribile
341 1625 413 1686 illud
433 1631 462 1686 et
480 1627 619 1706 tragicum
640 1627 834 1706 spectaculum
844 1627 936 1687 iacere
945 1629 1041 1708 potuit
1059 1635 1093 1688 ut
1111 1643 1173 1690 nou
1209 1675 1211 1684 ,
1285 1653 1292 1676 1

19 1709 121 1771 modo
142 1705 336 1787 promiscuum
356 1705 470 1786 vulgus,
490 1707 539 1764 sed
554 1707 604 1784 qui
624 1705 770 1786 pollebant
785 1707 931 1786 gravitate,
952 1709 1033 1787 quasi
1054 1727 1070 1770 a
1090 1723 1171 1767 moa·

22 1801 93 1852 stro
115 1782 272 1848 detestabili
292 1791 454 1844 averterent
480 1785 588 1858 oculos,
613 1805 703 1866 quum
729 1784 803 1844 filius
828 1793 937 1867 patrem
962 1807 1050 1869 regno
1070 1788 1173 1868 expul-
1280 1783 1287 1806 ⁹

22 1891 98 1932 sum
118 1887 171 1950 per
189 1867 250 1946 ipsa
271 1883 387 1944 quoque
407 1865 517 1927 deserta
538 1863 573 1924 ad
593 1885 691 1926 necem
712 1873 869 1944 quaereret.
1172 1885 1177 1894 ’

114 1952 163 2012 10.
186 1951 265 2022 Quia
289 1947 429 2005 diamant
454 1951 575 2005 inimici.
614 1945 680 2006 Alia
705 1947 790 2004 etiam
814 1947 1023 2024 circumstantia
1043 1945 1171 2008 Delmi-

25 2029 215 2092 serieordiam
235 2025 288 2085 sibi
308 2025 449 2098 conciliat,
490 2023 546 2084 uod
566 2027 674 2084 maiore
687 2024 799 2085 licentia
818 2027 849 2085 in
861 2027 955 2106 ipsum
974 2030 1101 2088 saeviant
1118 2030 1173 2086 im·

13 2110 126 2192 probi,
146 2107 215 2168 dum
239 2106 442 2200 existimante
466 2045 531 2164 ὕει)
555 2105 618 2185 ipso
643 2107 779 2165 reiectum
803 2123 837 2166 ac
862 2106 1015 2187 proditum.
1057 2106 1172 2166 Scimus

27 2193 111 2252 enim
130 2183 259 2271 pessimis
279 2186 363 2244 etiam
384 2183 525 2264 quibusqu
563 2203 689 2245 crescere
708 2186 818 2244 animos
838 2192 868 2245 et
882 2186 1038 2260 audaciam,
1058 2186 1108 2246 ubi
1126 2189 1172 2245 in·

28 2271 138 2330 noxios
157 2265 298 2338 vexando,
323 2263 435 2342 lingunt
458 2265 510 2324 sibi
534 2263 604 2324 nihil
628 2285 693 2324 cnm
713 2263 778 2324 Deo
802 2283 864 2325 esse
887 2267 1004 2347 negotiis
1024 2265 1092 2346 'quia
1112 2284 1172 2328 uon

30 2350 122 2412 modo
141 2366 205 2428 spes
224 2346 400 2426 impunitatis
410 2363 459 2404 eos
472 2343 630 2418 confirmat,
650 2345 795 2404 sedetiam
814 2345 1170 2427 desnccessugloriantur,

33 2430 87 2490 ubi
105 2428 174 2489 nihil
193 2425 228 2484 ad
249 2423 436 2484 cohibendam
460 2443 560 2484 eorum
583 2424 727 2484 libidinem
753 2424 890 2484 obstaculi
910 2432 1036 2506 apparet.
1077 2425 1170 2486 Porro

38 2509 116 2591 quod
134 2515 203 2568 tuuc
221 2503 327 2564 Davisii
347 2503 462 2578 accidit,
487 2504 552 2563 liliis
572 2501 629 2564 Dei
675 2523 744 2586 rope
768 2505 941 2564 ordinarium
966 2513 1025 2581 est,
1046 2513 1079 2564 ut
1098 2505 1171 2566 nibil

38 2610 96 2650 nou
115 2587 235 2648 audeaut
255 2591 354 2645 contra
379 2585 455 2664 ipsos
480 2581 617 2664 improbi,
649 2526 717 2644 gum
744 2585 797 2646 sibi
821 2585 954 2648 divinitus
978 2586 1009 2643 iu
1033 2586 1171 2666 praedam
1232 2635 1234 2646 ,

39 2669 181 2750 expositos
205 2683 266 2725 esse
290 2664 410 2746 lingunt.
452 2659 528 2742 Quia
557 2665 634 2724 enim
659 2662 714 2723 Dei
743 2663 861 2743 gratiam
890 2665 1032 2742 praesenti
1056 2672 1171 2725 tontum

39 2751 151 2810 fortune
171 2745 334 2818 metiuntur,
354 2748 541 2824 quoscunque
561 2743 647 2823 affligi
665 2744 786 2882 patitur,
811 2744 963 2816 contemni,
987 2743 1120 2823 relinqui,
1140 2750 1171 2804 et

40 2829 138 2911 proiioi
156 2825 191 2886 ab
210 2843 245 2884 eo
266 2831 377 2904 puteat.
412 2821 487 2882 ilinc
507 2823 593 2882 seed
614 2825 663 2902 qui
685 2825 726 2882 vis
746 2823 912 2883 tentandum
932 2829 1035 2883 nautuo
1054 2825 1170 2884 hortan-

40 2920 87 2970 tur
105 2913 134 2967 ct
152 2911 266 2977 acuunt,
292 2906 358 2984 quia
381 2903 492 2962 miseris
516 2901 612 2961 nullus
637 2905 674 2962 sit
693 2903 807 2963 iuturus
832 2903 947 2963 vindex.
988 2905 1078 2983 utqui
1102 2923 1171 2983 pro·

39 2983 203 3052 terrahaec
222 3003 323 3044 eornm
345 2983 492 3042 insultatio
516 2982 643 3042 vicissim
667 2983 777 3042 animos
802 2989 915 3042 nostros
940 2981 1025 3042 debet
1048 2984 1170 3064 erigeres

39 3071 106 3152 quia
127 3065 182 3126 Dei
207 3061 313 3144 gloriae
337 3064 452 3122 interest
476 3081 507 3121 re
530 3065 592 3143 ipsa
612 3062 893 3143 comprobariquod
916 3065 1000 3121 toties
1020 3065 1172 3142 promittit,
1246 3081 1252 3088 ·

38 3146 206 3234 pauperibus
226 3149 255 3204 et
274 3142 386 3202 afflictis
406 3161 436 3202 se
457 3162 540 3222 opem
560 3144 692 3202 laturum.
723 3140 783 3201 Nec
802 3161 871 3202 vero
892 3143 969 3222 quod
985 3141 1037 3201 sibi
1058 3144 1170 3202 veniam

40 3249 58 3290 a
79 3227 139 3288 Deo
158 3224 328 3306 promittunt
346 3223 434 3304 impii,
456 3221 526 3282 haec
545 3222 632 3281 stulta
652 3241 751 3282 eorum
775 3223 937 3300 imaginatio
957 3221 1071 3302 culpam
1091 3229 1169 3280 exte·

41 3315 121 3370 nnat:
141 3303 207 3384 quin
227 3304 322 3384 potius
341 3301 385 3362 bis
404 3304 435 3362 iu
449 3299 546 3362 Deum
565 3307 633 3361 sunt
652 3301 858 3377 contumeliosi,
878 3301 1024 3382 eripiendo
1044 3299 1122 3382 qnod
1143 3303 1170 3362 ei

39 3389 158 3450 maxime
175 3383 322 3464 proprium
342 3389 394 3442 est.

18 3468 25 3482 ⁴
119 3469 163 3528 12.
183 3468 265 3524 Dens
288 3485 325 3522 ne
339 3463 455 3544 procot.
497 3459 593 3538 Quam
618 3459 739 3520 difficilis
763 3465 793 3520 et
816 3478 916 3541 aspera
935 3459 1021 3520 inerit
1039 3458 1087 3519 illa
1108 3465 1169 3520 teu·
1235 3473 1239 3480 ’
1265 3463 1269 3466 ’

43 3549 119 3622 tatio,
138 3565 222 3626 quum
235 3543 376 3604 Davidem
396 3547 552 3601 statuerent
570 3543 650 3622 impii
670 3539 761 3600 aDeo
781 3541 917 3600 reiectum
937 3559 1010 3614 esse,
1030 3541 1081 3598 vix
1101 3543 1169 3600 satis

43 3633 133 3709 potest
154 3625 283 3706 exprimi.
323 3619 424 3701 Neque
447 3623 522 3680 enim
547 3641 648 3682 vocem
668 3619 741 3680 hano
759 3621 965 3680 inconsiderate
984 3619 1168 3700 spargebant:

44 3708 92 3768 sed
111 3725 195 3787 quum
216 3703 269 3761 visi
289 3709 382 3762 essent
403 3703 505 3761 omnia*
517 3701 670 3782 prudenter
689 3700 859 3780 expendere,
884 3702 965 3780 quasi
985 3702 1021 3759 de
1040 3719 1071 3760 re
1090 3719 1168 3760 com·
1287 3711 1299 3720 “

44 3793 120 3870 perta
142 3783 278 3846 ferebant'
291 3784 465 3844 senteutiam.
506 3780 632 3862 Ideoque
655 3780 785 3840 heroicae
809 3779 983 3840 fortitudinis
1006 3780 1060 3840 luit
1084 3796 1167 3859 supe·

44 3875 104 3926 rare
127 3881 254 3946 perversa
279 3881 379 3934 eorum
404 3861 521 3936 iudicia,
546 3868 578 3921 ut
602 3859 698 3920 Deum
727 3859 910 3922 nibilominus
935 3859 987 3920 sibi
1011 3859 1180 3940 propitium

45 3963 104 4006 esse
126 3944 276 4004 confideret
286 3939 404 4016 David,
429 3949 460 4002 et
478 3942 651 4002 familiariter
675 3940 711 4000 ad
731 3959 797 4000 eum
822 3939 996 4019 conlegerat.
1036 3935 1096 4000 Nec
1115 3938 1165 3996 du·
1236 3987 1243 3992 .

45 4025 181 4085 bium-cst
204 4023 273 4103 quin
292 4025 390 4084 Deum
409 4043 495 4082 mrum
519 4042 555 4104 ap
577 4023 678 4092 elleos,
703 4029 819 4102 gravem
839 4019 920 4078 illum
941 4019 1102 4098 durumque
1124 4019 1166 4077 iu·

47 4105 145 4190 sultuna
168 4103 223 4164 hoc
250 4103 353 4240 clypeo
378 4101 505 4184 repellat.
525 4042 694 4161 elusatium
718 4118 787 4160 veru
807 4097 864 4158 Dei
887 4097 1057 4183 implorans,
1082 4097 1165 4156 simul

46 4191 167 4266 precatur
190 4189 223 4244 ut
246 4201 285 4262 pu
307 4181 394 4242 eluant
418 4183 584 4253 adversarii,
609 4181 701 4240 donee
725 4178 887 4258 consumpti
911 4177 1023 4238 luerim.
1064 4173 1166 4255 Quan-

68 4282 126 4323 uam
144 4259 317 4340 baeeserba
335 4263 365 4322 iu
378 4262 482 4323 'laturo
501 4269 630 4344 tempore
648 4261 743 4340 legere
757 4277 815 4320 non
836 4258 892 4318 erit
909 4257 1079 4332 absurdum,
1098 4259 1165 4336 quia

46 4285 133 4403 bavis
150 4341 308 4440 precatione
327 4359 379 4402 sue
399 4343 558 4418 defunctus,
583 4360 667 4422 saepe
685 4341 830 4420 insurgere
850 4338 922 4398 solet
942 4338 1041 4397 muira
1059 4336 1165 4408 hostes,

47 4430 74 4484 et
92 4441 163 4504 quasa
182 4419 360 4504 triumphum
380 4421 415 4484 de
435 4423 503 4504 ipsis
513 4433 604 4504 agere.
635 4419 782 4502 sequutus
802 4424 897 4480 tarum
917 4437 981 4478 sum
1000 4415 1079 4498 quod
1098 4433 1165 4476 coer·
