2804 4890
488 301 835 348 orrannum.
907 285 909 296 '
1158 261 1244 364 ω
1311 361 1316 376 ι

59 433 161 514 peret,
180 447 240 490 non
259 431 320 492 lom
338 425 965 508 oumperaoniegnnmenmvitiireiluiane
978 426 1094 492 bellum
1113 428 1210 492 Aliam
1234 499 1237 510 ¹
1303 455 1306 468 r

60 507 591 661 fflnffliffiiffltli
610 505 763 666 iffi
772 507 1210 652 lttltsltttt‘tlt
1281 673 1282 678 p

61 671 133 732 date
152 668 275 728 abdioet.
296 665 329 726 ln
349 665 404 726 beo
422 673 519 728 antem
537 672 619 746 parta
635 685 698 728 non
716 665 820 728 leviter
838 683 856 732 a
874 667 973 728 mallia
991 677 1134 752 ponentur,
1156 672 1209 752 qui
1232 702 1241 712 ·
1292 739 1296 749 ,

60 750 136 810 donn
156 747 258 808 vident
274 746 367 806 malea
387 745 469 806 bonie
488 747 640 826 permieloe
659 763 737 818 eoae,
761 745 853 828 pollui
872 765 904 808 ee
923 750 1093 831 contagione
1109 752 1208 812 exieti·

60 833 162 902 mart,
188 828 244 888 nisi
268 826 399 906 pretione
424 826 630 886 discensionem
653 825 772 886 teneriut
797 845 815 888 a
838 833 901 888 teto
925 847 1021 908 grege.
1058 828 1119 892 lem
1139 831 1209 892 olim

59 908 236 969 Denntiataa
260 912 291 965 et
315 911 398 966 antea
423 906 509 975 etiem
530 903 670 966 &murus
694 923 729 966 ao
748 903 855 968 Novati
879 906 947 966 diaoi
1000 928 1032 968 ua
1058 911 1095 970 ed
1120 911 1208 971 noxie

61 987 184 1048 dimidie
201 985 318 1067 impulit
334 983 407 1046 bere
425 985 585 1058 morositas,
605 992 634 1046 et
653 991 754 1046 norbo
773 985 870 1048 aemulo
884 987 931 1048 llo
967 979 1087 1068 abdatur
1102 989 1208 1052 eodem

60 1068 144 1130 festu
164 1065 320 1126 divortium
339 1083 357 1124 a
375 1066 480 1124 aanotie
499 1063 633 1126 Eooleaiia
657 1064 799 1140 lecerunt,
821 1066 891 1146 ¹(guia
910 1065 1044 1138 ridebant
1061 1088 1120 1134 nou
1140 1089 1208 1150 pnr-
1343 1111 1345 1118 .

61 1155 149 1228 gutna
168 1165 232 1206 eoae
251 1145 330 1206 omni
349 1143 443 1217 eorde,
463 1144 545 1204 eionti
565 1165 583 1204 o
604 1143 722 1206 tandum
736 1143 840 1206 luerat.
859 1143 921 1206 lmo
936 1165 1026 1226 gnum
1039 1145 1209 1208 Donatistae

102 1226 240 1288 rtiueoim
250 1223 343 1284 verbio
357 1225 527 1297 insisterent,
545 1224 570 1284 ri
590 1223 680 1288 iouloe
695 1243 727 1284 ee
746 1222 874 1286 swerent
893 1227 922 1286 iu
942 1228 1053 1288 notione
1071 1209 1207 1324 quadam.

97 1307 195 1366 dietae
211 1303 310 1364 'inerat
326 1309 484 1364 oonveutm
499 1303 535 1364 ad
550 1301 688 1364 Mandas
702 1303 865 1377 diooordiaa,
884 1325 975 1385 quom
988 1305 1107 1369 bonone
1121 1326 1208 1368 ennea

63 1386 168 1448 edm
191 1385 261 1446 iussi
285 1390 380 1446 mot
398 1401 416 1444 a
434 1381 577 1458 Tribnno‚
605 1389 681 1444 atari
707 1401 738 1444 ae
761 1383 909 1456 dixerunt,
939 1387 1007 1465 quia
1029 1386 1110 1448 nelaa
1134 1393 1210 1448 erret

64 1485 134 1527 eom
155 1463 294 1545 improbis
313 1463 425 1532 aedere,
451 1469 520 1524 tuno
536 1463 632 1544 lepide
650 1465 826 1543 Angnetiona
851 1467 978 1546 astrepit,
1003 1464 1065 1526 (bur
1083 1486 1152 1563 erge
1170 1466 1209 1528 ad

65 1565 120 1606 noe
139 1545 248 1604 intrare
268 1541 349 1602 vebia
372 1541 471 1622 religio
491 1562 549 1602 non
568 1541 642 1604 luit?
672 1541 835 1624 Utrumque
859 1544 935 1604 enim
959 1544 1045 1606 aimul
1070 1553 1209 1628 eruptum

66 1632 119 1691 eat.
138 1624 186 1686 Ao
207 1622 348 1702 malignos
366 1641 425 1682 non
445 1623 594 1702 ingredior,
614 1629 643 1682 et
663 1641 730 1684 oum
750 1623 893 1684 aoeleratia
913 1643 972 1684 non
991 1623 1105 1685 eedebo.
1134 1625 1208 1686 Pru·
1241 1665 1245 1688 .

67 1705 170 1766 denter
188 1704 287 1782 itaque
299 1701 395 1764 David
414 1702 508 1762 uelum
527 1721 611 1762 anum
630 1707 778 1782 temperat,
797 1709 831 1762 ut
850 1721 883 1762 oe
900 1702 937 1762 ab
952 1705 1044 1784 impiia
1061 1723 1207 1785 eeparono,

65 1805 128 1846 non
147 1789 244 1844 tamen
266 1781 376 1844 desinat
393 1781 533 1862 templum
552 1781 748 1860 frequentare,
773 1781 851 1862 qnod
871 1783 997 1862 poattalat
1015 1781 1073 1844 Dei
1091 1785 1208 1844 manda·

66 1871 149 1936 mm,
171 1869 201 1923 et
219 1864 393 1944 praescripto
417 1863 446 1920 in
468 1859 544 1942 Lego
563 1863 643 1920 ratio.
684 1859 769 1920 Corte
789 1859 858 1920 dom
877 1867 991 1922 coetum
1011 1863 1208 1944 impreboron

68 1945 209 2016 nominat,
233 1941 368 2022 colligere
386 1940 462 2013 lieet,
486 1960 545 2000 non
570 1941 705 2020 exignum
725 1939 812 2000 luiaee
831 1941 932 2000 eernin
953 1961 1113 2017 nnmerum,
1139 1949 1209 2004 tono

69 2025 162 2102 igitur
179 2021 310 2080 volitasse
336 2019 468 2080 credibile
492 2025 550 2090 eet,
579 2019 661 2098 qnasi
686 2017 740 2078 aoli
764 2019 795 2077 in
818 2018 928 2100 populo
947 2017 1005 2082 Dei
1027 2021 1208 2091 enoellerent,

67 2101 262 2240 :bquffl
281 2095 602 2236 (ἲοιιιὶιιτινειιῑιιηοὲὶοοΙ
611 2103 714 2235 13ῗοῖ
715 2117 791 2234 linon
811 2095 920 2236 obplitit
939 2099 1091 2237 quomgnno
1111 2097 1209 2239 Dprid

247 2197 507 2240 aromoreaoe
560 2195 610 2236 re.
677 2195 769 2236 ooe
862 2195 1141 2240 emonmnomen
1171 2195 1209 2240 ne

66 2259 120 2320 tali
139 2260 249 2340 flagitio
270 2200 433 2338 ibqutnernr
452 2255 593 2318 Ecclesia:
617 2247 750 2338 pridatim
769 2195 855 2316 elffii
875 2275 928 2336 pro
948 2276 979 2318 ee
999 2259 1063 2340 quie
1104 2259 1211 2327 eeniti
1246 2240 1249 2248 ‘

68 2338 214 2398 debetne
233 2339 362 2398 remissio
382 2343 413 2397 et
431 2335 604 2418 indulgentia
624 2337 759 2396 viliorum
778 2333 894 2395 morbos
913 2335 1018 2410 foveat.
1085 2338 1210 2420 iqnando

67 2425 167 2478 tamen
187 2419 347 2514 nouyiget
366 2435 398 2476 ea
418 2417 566 2512 retentae,
584 2415 714 2512 singulos·
728 2413 827 2512 tidelm·
847 2435 906 2474 non
926 2417 1045 2497 impedit
1062 2410 1127 2478 talin
1142 2418 1211 2480 'eon
1238 2435 1243 2448 ¹

5 2619 7 2628 Α
66 2493 1212 2660 :ttetttl1intelt:,itmzttttttt'ttlelttm

149 2657 180 2721 o.
212 2657 334 2717 Loredu
352 2663 386 2715 tn
400 2663 543 2737 paritate.
582 2652 637 2712 llio
661 2673 693 2712 ee
720 2655 751 2714 in
775 2655 1090 2716 commonitoriorum
1114 2673 1212 2717 uene

66 2736 219 2798 eoeleratia
232 2739 356 2816 reparat,
375 2736 426 2814 qai
441 2733 563 2796 eaodem
577 2731 851 2814 pmiitabanturDei
865 2734 986 2806 nultum,
1057 2755 1093 2795 oe
1106 2753 1211 2816 magno

63 2835 178 2898 pompe
209 2818 316 2896 peinana
345 2813 523 2952 ingerebant,
551 2813 611 2872 aeni
635 2831 722 2894 penae
746 2833 796 2874 ene
819 2820 894 2874 esset
917 2813 1016 2894 templi
1062 2814 1209 2876 ominium.
1293 2861 1299 2878 .

66 2897 174 2975 Quom
193 2896 281 2976 igitur
298 2893 356 2954 boo
405 2894 470 2954 avid
489 2912 557 2954 eom
573 2892 734 2974 hypooritu'r
753 2891 869 2952 baberet
887 2907 1049 2970 nemmem,
1074 2893 1152 2976 qnod
1172 2895 1209 2954 ei·

64 2977 132 3038 mol
156 2975 299 3054 templum
321 2971 563 3054 ingrediebantur,
590 2977 623 3034 et
641 2971 731 3032 altare
749 2971 972 3032 oirenmdorenlr
1001 2981 1036 3034 ut
1055 2971 1210 3114 reprobet

65 3073 174 3115 rernm
194 3051 251 3114 Dei
276 3053 430 3124 multonem,
459 3071 518 3112 non
548 3051 674 3114 externia
704 3056 815 3110 tantum
845 3054 1010 3112 oeremoniie
1035 3073 1068 3114 ee
1113 3051 1211 3136 efnngi

66 3139 212 3204 testatur,
238 3133 290 3194 aed
314 3131 436 3196 rinion,
448 3134 554 3214 pietele
572 3130 608 3192 ad
628 3127 724 3190 Deum
744 3127 894 3190 ooleudum
913 3149 946 3190 ee
963 3133 1071 3194 venire.
1110 3130 1213 3214 Neque

17 3213 20 3221 ’
67 3215 151 3276 enim
164 3212 293 3274 -dubinm
312 3219 355 3272 ent
414 3213 444 3272 in
463 3211 500 3272 ad
519 3211 670 3272 solennem
689 3209 841 3271 ablutionie
855 3209 943 3270 ritnm
958 3210 1074 3287 ollndrt,
1092 3212 1144 3292 qni
1159 3209 1212 3272 rub
1263 3247 1269 3258 ·

68 3295 151 3376 laege
171 3295 203 3354 io
223 3313 279 3355 oen
297 3291 361 3353 init
411 3291 445 3350 ed
466 3311 558 3372 quum
576 3290 745 3371 bypoorilne
764 3307 833 3350 vera
851 3291 977 3370 puritate
994 3290 1132 3372 negleota,
1150 3297 1213 3352 tan·

68 3382 135 3434 tom
159 3375 192 3434 in
217 3391 294 3453 aqna
323 3372 491 3434 munditiem
517 3376 709 3452 quaererent,
731 3367 779 3428 bio
804 3387 898 3428 oraora
921 3387 1022 3430 eornm
1046 3371 1214 3450 anperatitio

69 3453 290 3538 perstringitur,
311 3451 429 3520 volebat
452 3453 530 3512 enim
549 3449 630 3510 Deua
654 3447 789 3527 eymbolo
808 3447 859 3507 illo
878 3447 1010 3510 homines
1029 3465 1101 3510 anae
1119 3450 1212 3530 polln-

70 3533 160 3596 tionie
181 3531 341 3595 admonitor
360 3531 399 3590 ad
415 3531 618 3612 poenitentiam
637 3525 755 3588 hortari.
796 3527 877 3588 Adeo
896 3529 984 3607 igitur
1001 3533 1121 3588 externe
1139 3529 1212 3590 lotio

150 3631 184 3672 ee
204 3609 279 3674 nibil
324 3609 424 3682 roloit,
450 3615 482 3670 nt
507 3607 672 3687 hypocriten
698 3607 811 3686 longius
835 3613 943 3666 emeret
963 3625 979 3668 a
998 3605 1056 3670 Dei
1079 3627 1212 3669 acernam

71 3693 139 3754 odeo
159 3691 226 3772 plna
246 3631 374 3758 orbum
398 3695 428 3750 et
447 3687 589 3748 foeditatis
609 3686 645 3746 ab
665 3686 721 3746 illia
741 3686 862 3745 lavando
883 3686 1011 3748 contrabi
1031 3689 1124 3768 arguit
1143 3685 1214 3749 Pro·
1235 3707 1238 3718 ·

71 3771 178 3852 pbete,
201 3769 252 3830 nbi
270 3789 352 3830 enom
371 3767 543 3828 ablutionem
563 3768 592 3826 iu
613 3767 736 3846 puritate
755 3764 818 3826 fore
858 3769 1010 3828 renuntiat.
1031 3772 1116 3868 1]th
1136 3770 1212 3828 enim

71 3848 247 3910 munditiem
271 3847 420 3910 eoinalibet
439 3849 481 3908 rei
499 3844 646 3926 tiguitieat,
670 3845 796 3926 indeque
814 3785 857 3904 ‘ad
872 3847 1063 3908 ionoorntiam
1083 3848 1212 3907 {renelm-

71 3937 139 3990 tor:
169 3929 210 3993 ita
234 3931 318 3995 mane
341 3927 467 3988 etodium
492 3945 550 4006 quo
575 3943 608 3985 ee
625 3925 782 4006 fatiganti
807 3927 945 4006 pocritae,
969 3927 1099 3988 videmos
1118 3926 1214 4002 rideri,
1283 3935 1285 3944 '

72 4009 124 4070 ubi
142 4027 247 4070 eorum
266 4006 421 4068 lotionibus
440 4004 598 4066 detrahitur
616 4007 736 4086 puritna.
760 3945 821 4065 liba
841 4025 911 4066 vero
930 4007 1063 4087 exemplo
1083 4003 1213 4081 Davidia,

73 4095 224 4168 muneque
242 4089 274 4148 in
293 4085 420 4154 Eooleoia
438 4087 582 4146 emineant
609 4085 742 4166 improbi,
770 4089 828 4144 tem
850 4086 934 4166 leque
949 4092 1094 4164 oeeupent
1113 4105 1213 4148 eorum

75 4175 199 4240 turmae,
222 4168 265 4228 rio
282 4165 411 4232 aolomoe
431 4171 580 4226 externam
599 4165 804 4245 pmleoeiodam
823 4105 900 4238 boet,
923 4185 961 4226 ne
985 4165 1057 4224 labo
1077 4162 1212 4224 obtenda-

75 4265 140 4308 mno
161 4251 281 4308 externa
301 4243 445 4325 symbolo,
463 4263 548 4326 verae
567 4245 680 4325 pietatis
698 4241 779 4302 looo=
802 4243 903 4304 deinde
922 4251 956 4304 nt
973 4241 1010 4303 ab
1030 4243 1114 4302 omni
1127 4243 1213 4303 eoele-
1346 4223 1350 4251 '

75 4345 141 4386 ruun
159 4325 272 4390 maeel·
291 4325 358 4405 puri
377 4331 408 4386 et
427 4324 511 4386 raoni
529 4323 627 4385 aimna.
660 4318 739 4400 Quia
758 4321 867 4404 populo
885 4322 976 4384 altaro
995 4322 1135 4404 attingere
1152 4339 1213 4384 non
1303 4375 1306 4384 .

75 4403 189 4482 lioebnt,
209 4405 422 4492 &ea-deod·
441 4401 531 4467 voub‘o
551 4421 619 4466 naua
637 4399 810 4465 eatDovid·
836 4479 899 4543 1³·
