2818 4886
1223 228 1235 249 .

498 281 551 330 1ιιι
577 279 731 323 ranan
764 279 849 323 ιιιιιι.
1191 267 1250 354 125*

107 405 205 466 fideles
231 423 265 465 se
284 403 322 466 ad
345 403 493 466 eolendam
518 405 705 485 integritatem
724 403 858 479 animent,
877 405 945 485 quia
964 387 1243 491 almumquemque

107 484 211 546 redibit
230 485 357 546 institiae
375 499 444 546 suae
463 485 578 572 fruetus.
617 483 765 544 Posterius
785 483 962 561 membrum,
985 485 1034 546 ubi
1058 487 1160 548 dieitur
1177 509 1241 570 per·
1273 493 1291 526 ἰ

104 583 188 704 tlt
206 561 1241 724 tttlfttstttPtltttnt‘ttttltl'atl‘lttttatl

104 723 233 806 Spiritus
258 731 394 805 usurpat,
418 731 450 783 ut
469 723 636 804 hypocritas
660 729 690 781 et
714 741 823 783 crassos
841 720 898 784 Dei
924 665 1132 805 eoutebiptores
1151 745 1168 785 a
1188 745 1241 788 sua
1291 795 1296 810 ι

103 805 298 864 somnulentia
327 802 542 900 expergefaciat.
582 801 718 862 Videmus
748 803 838 878 euim,
864 803 913 864 ubl
944 803 980 864 de
1008 805 1117 867 severis
1134 813 1164 864 et
1182 813 1239 868 tre-

102 883 218 943 mendis
238 881 297 944 Dei
316 883 424 944 iudiciis
444 885 628 944 concionatur
646 880 802 966 Scriptura,
826 883 875 943 ubi
895 883 976 943 Deus
994 885 1057 978 ipse
1075 882 1240 946 horribilem

102 963 263 1023 vindictam
283 963 442 1036 denunciet,
465 983 556 1058 quam
576 981 674 1023 secure
693 961 876 1023 haecromuia
894 963 1076 1024 tmussibant
1097 961 1151 1024 llic
1170 983 1238 1046 erga
1333 961 1337 985 '
1367 984 1373 990 ·

102 1041 207 1102 brutus
228 1049 258 1103 et
278 1044 360 1124 quusi
379 1043 557 1124 prodigiosus
577 1050 679 1125 stupor
702 1041 798 1102 Deum
823 1049 898 1124 cogit
922 1042 1064 1103 excudere
1086 1063 1177 1104 novas
1196 1047 1238 1106 lo·
1328 1107 1336 1130 κ

102 1123 214 1203 queudi
239 1121 362 1195 formas,
387 1131 416 1183 et
435 1125 516 1204 quasi
535 1123 657 1184 alienam
675 1141 824 1204 personam
841 1123 968 1184 iuduere.
1001 1122 1059 1200 §ie
1079 1124 1166 1184 etiam
1185 1123 1239 1184 Le·

101 1203 182 1261 vitici
202 1203 254 1276 2²6,
274 1205 323 1264 21.
343 1201 374 1262 Si
393 1219 505 1262 meeum
525 1203 705 1263 ambulabitis¹
726 1213 859 1284 peruerse
878 1203 923 1263 vel
942 1211 1062 1278 temere,
1082 1221 1136 1286 ego
1156 1205 1237 1264 vicia-
1259 1261 1263 1268 .

103 1283 156 1341 sim
176 1289 279 1342 eontra
299 1301 352 1342 vos
372 1299 504 1362 perverse
523 1283 570 1342 vel
584 1283 703 1344 imtrrito
722 1281 883 1343 ambulabo.
924 1283 992 1344 Acsi
1011 1283 1125 1360 diescet,
1143 1285 1258 1364 pervi·'

106 1361 212 1420 eseiam
232 1379 335 1421 eorum
352 1362 383 1421 in
403 1379 487 1420 eausa
507 1362 569 1421 lore
587 1355 620 1422 dt
638 1363 737 1422 solitae
756 1361 956 1423 moderationis
980 1363 1237 1444 oblitus-quaqua·
1281 1399 1288 1408 .

107 1460 222 1500 remum
243 1443 272 1501 iu
292 1461 342 1503 eos
360 1443 458 1501 irruat.
498 1439 562 1500 Hoc
580 1443 654 1502 enim
664 1441 816 1524 proliciunt
825 1443 940 1504 taudem
961 1462 1013 1504 sua
1033 1444 1137 1503 duritie
1155 1461 1236 1524 prae·

106 1519 187 1580 baeti
206 1519 346 1594 homines,
370 1527 403 1581 ut
422 1519 503 1582 Deus
523 1521 560 1580 ad
579 1539 628 1580 eos
652 1521 841 1582 conterendos
861 1541 922 1582 sese
941 1525 1030 1603 magis
1050 1523 1236 1596 obduratae

105 1605 205 1659 eontra
231 1619 333 1660 saxeos
359 1599 468 1662 ferrem
493 1601 633 1672 reddatur.
673 1601 757 1662 Adde
780 1591 859 1680 quod
878 1602 1000 1740 Spiritus
1019 1621 1179 1664 sermonem
1198 1603 1236 1663 ad

102 1680 1235 1840 {tlttltlttntsttlattttillitteratatitltt

97 1843 181 1909 rant,
226 1841 272 1898 uia
297 1838 367 1899 nibil
391 1840 504 1920 inipso
529 1841 693 1920 concipiunt
716 1840 769 1899 uisl
789 1857 922 1910 saevum,
942 1845 1034 1916 atrox,
1054 1847 1084 1900 et
1102 1842 1235 1902 immane.

99 1917 168 1976 Iam
187 1919 216 1976 vi
235 1937 313 1978 emus
337 1939 389 1978 eur
408 1917 503 1980 David
518 1937 585 1977 ‚nou
610 1919 772 1999 simpliciter
790 1916 856 1978 Deo
879 1917 987 1978 tribuat
1010 1920 1110 1980 iudicis
1129 1939 1235 1981 nomeu

100 2004 133 2056 et
155 1996 288 2072 nitidum,
308 1997 359 2058 sed
377 1999 503 2058 violento
518 1997 626 2078 impetu
642 2005 745 2058 armet:
766 1999 849 2058 sicuti
862 1997 1016 2079 proverbio
1027 1999 1138 2075 dieitur,
1156 1999 1234 2061 Malo
1314 2031 1316 2034 ·

100 2075 185 2136 nodo
205 2077 396 2158 quaerendum
415 2095 477 2136 esse
496 2077 602 2136 malum
622 2096 754 2137 cuneum.
1260 2093 1263 2100 ·

181 2159 230 2217 28.
253 2163 333 2230 Quia
357 2165 392 2214 to
403 2157 549 2250 populum
568 2152 728 2234 efflictum.
768 2155 822 2217 Hic
845 2177 947 2218 versus
967 2160 1092 2220 eontinet
1110 2161 1235 2242 speeiem

99 2236 298 2307 correctionis,
323 2235 389 2314 quia
414 2253 489 2294 emm
514 2237 686 2294 exorientia
710 2235 885 2296 demonstrat
909 2257 994 2318 saepe
1018 2239 1126 2298 duriter
1145 2240 1234 2320 oliligi

98 2319 272 2371 mansuetos
290 2321 321 2372 et
340 2314 464 2373 duceres
483 2255 592 2374 iurabi
612 2321 777 2376 mrsbssrmre
789 2316 935 2390 molestiis,
955 2335 991 2377 ne
1002 2320 1065 2397 quis
1085 2319 1158 2379 falso
1177 2320 1234 2382 diei

96 2397 184 2471 putet
207 2390 304 2451 Deum
323 2391 476 2452 elementer
494 2413 577 2476 agere
596 2407 661 2454 eum
675 2398 845 2467 mansuetis,
869 2396 1002 2456 admonet
1026 2395 1121 2457 David
1145 2398 1233 2458 linem

96 2485 163 2530 esse
182 2472 405 2551 expectandum:
426 2474 499 2554 quia·
511 2480 541 2536 et
560 2475 583 2535 si
609 2493 667 2534 nou
686 2477 816 2556 protinus
836 2483 964 2536 accurrat
984 2473 1065 2535 Dens
1090 2478 1126 2537 ad
1146 2495 1232 2558 opem
1352 2511 1355 2518 ·

95 2550 182 2610 bouis
207 2551 369 2624 lereudam,
394 2551 442 2611 ubi
470 2559 566 2612 tamen
590 2569 690 2612 eorum
719 2555 881 2634 patientiam
905 2554 1070 2634 aliquandiu
1094 2557 1232 2630 exercuit,

85 2635 263 2710 'prostratos
286 2627 381 2714 erigit,
399 2637 435 2710 ‘et
466 2631 622 2712 desperatio
648 2633 769 2692 salutem
798 2634 894 2693 affere
919 2634 995 2694 uude
1019 2637 1148 2714 sequitur
1171 2655 1231 2696 nou

95 2711 152 2768 uisi
173 2710 211 2770 ab
231 2712 311 2771 exitu
330 2711 534 2771 aestimandum
553 2731 616 2772 esse
640 2713 785 2792 quomodo
808 2713 918 2794 placide
937 2720 967 2773 et
985 2713 1148 2775 humaniter
1166 2721 1232 2796 agat

97 2787 183 2848 Deus
203 2810 271 2851 eum
290 2793 456 2864 mansuetis,
476 2798 506 2850 et
524 2811 629 2872 purum
647 2811 679 2850 se
699 2799 778 2872 gerat
798 2796 973 2888 cum'pnris.
993 2791 1054 2852 Nisi
1073 2795 1151 2854 euim
1170 2813 1231 2854 sus·
1293 2861 1297 2869 ¹

92 2887 204 2949 pensos
223 2889 276 2930 exe
296 2872 434 2930 relatione
452 2877 561 2930 teneret
580 2869 686 2946 fideles,
701 2873 854 2966 proprium
869 2891 929 2930 erus
949 2879 1091 2932 nonesset
1110 2874 1232 2933 afflictos

94 2965 222 3008 servare.
289 2957 358 3030 tque
386 2949 456 3030 boe„
470 2969 529 3009 nou
555 2949 672 3030 vulgare
700 2969 730 3008 ru
754 2949 838 3009 rebus
864 2949 989 3010 adversis
1019 2951 1153 3011 solatium
1176 2959 1230 3024 est,

94 3028 234 3102 consulto
254 3029 360 3088 dilleni
378 3029 456 3110 quod
481 3029 587 3109 alioqui
612 3033 742 3110 paratum
767 3035 810 3088 est
829 3028 885 3088 Dei
905 3029 1052 3106 auxilium,
1077 3037 1110 3090 ut
1134 3030 1254 3112 afflicti¹
1323 3037 1327 3048 ’

93 3125 268 3204 servemur..
295 3107 354 3169 Nee
377 3129 447 3170 vero
471 3109 555 3206 nimis
580 3109 697 3206 acerbae
721 3107 802 3168 nobis
821 3109 1095 3206 essendebeuttquas
1115 3111 1230 3191 perieri-

93 3187 1229 3352 tantillaellttlttttl'tlttttlltttlltll,tat
1276 3315 1280 3327 ,

96 3355 144 3408 tra
165 3345 304 3428 superbos
324 3347 360 3406 ad
379 3347 573 3408 deliniendum.
612 3347 670 3408 Sed
685 3348 757 3408 haee
769 3348 892 3407 veneras
912 3349 1228 3409 insensunihllmutat:

95 3429 154 3487 nisi
174 3426 254 3507 quod
272 3427 330 3486 illie
349 3427 476 3507 superbis
486 3417 608 3508 Spiritbs
623 3435 737 3488 sauctus
746 3429 835 3508 magis
849 3435 947 3508 aperte
957 3428 1116 3504 denunciat,
1179 3449 1228 3490 um

95 3508 134 3567 ad
153 3508 235 3588 ipsos
254 3507 422 3566 evertendos
441 3507 574 3588 advigilet
582 3505 673 3582 Deus,
691 3527 750 3567 non
766 3525 850 3588 posse
859 3509 970 3567 ruinam
989 3509 1122 3588 effugere.
1136 3449 1227 3570 (ibai-

95 3605 193 3668 usque
211 3605 281 3646 vero
299 3585 355 3646 loci
376 3585 446 3646 haec
465 3605 576 3646 summa
595 3594 646 3662 est,
689 3607 725 3648 uo
745 3589 833 3668 magis
852 3587 945 3646 securi
964 3589 1042 3668 impii
1062 3588 1114 3648 sibi
1133 3589 1226 3662 indul·

95 3673 176 3746 gent,
195 3667 343 3746 magisque
356 3673 495 3762 proterve
505 3667 622 3727 miseros
638 3608 690 3726 sub
699 3665 818 3804 pedibus
839 3665 1085 3747 suisdespieiunt,
1104 3688 1141 3729 eo
1159 3689 1225 3750 pro·

63 3753 67 3766 ·
117 3749 195 3806 iores
215 3765 276 3805 esee
294 3747 393 3806 exitam
432 3743 553 3825 Quoties
572 3765 640 3827 ergo
659 3767 697 3805 no
718 3747 740 3804 is
764 3745 914 3805 emdeliter
931 3746 1081 3821 insultant,
1101 3749 1227 3808 sciamus

95 3767 154 3884 boe
174 3831 290 3884 lautum·
306 3826 426 3901 obstare,
446 3847 504 3908 quo
524 3827 618 3886 minus
632 3823 820 3906 praefractam
838 3843 938 3885 eorum
956 3830 1163 3888 contumaciam
1182 3847 1225 3886 re·

93 3903 299 3979 tundatDeus,
320 3907 523 3986 quianondum
533 3905 568 3965 ad
583 3907 730 3966 cumulum
739 3905 1075 3986 usqueper‘veoiteorum
1086 3905 1224 3988 soperbia.

186 4051 240 4118 29.
253 4053 344 4138 *Quia
370 4064 409 4120 tu
434 4029 622 4166 ἱῙΙιιιιιίιιιψ
648 4049 808 4119 lucernam
840 4075 944 4120 meam
970 4052 1101 4121 lebova=
1134 4051 1225 4148 Deus

93 4157 188 4226 meus
209 4157 395 4226 illuminabit
416 4159 561 4227 tenebras
589 4183 684 4226 meas.
729 4159 782 4224 30.
804 4147 886 4242 Quia
912 4157 944 4224 in
967 4169 999 4226 te
1021 4181 1225 4250 perrumpam

93 4288 234 4334 cuneum
255 4275 386 4346 turmae,
408 4276 439 4332 et
461 4266 494 4332 in
510 4265 582 4334 Deo
604 4289 676 4334 meo
699 4263 885 4332 transsiliam
905 4287 1042 4332 murum.
1085 4264 1139 4332 31.
1162 4261 1224 4332 Dei

94 4369 215 4464 integra
236 4369 289 4438 via
310 4381 370 4438 est:
392 4394 499 4440 sermo
520 4369 654 4442 lebovae
676 4371 836 4456 creemus,
857 4369 987 4466 clypeus
1008 4380 1057 4438 est
1078 4369 1225 4440 omuibus
1264 4467 1267 4471 Ι
1389 4437 1392 4444 .
