2730 4882
441 328 494 367 rr·
513 327 531 367 r
547 327 563 368 s
577 327 596 368 a
612 329 628 368 n
642 327 674 369 nr.
703 327 794 370 xnvrt.
817 339 822 360 ι
1127 329 1181 388 367

7 447 131 526 siam,
156 467 247 530 qnore
272 455 304 510 ot
327 457 439 519 constet
458 451 582 511 vaticinii
608 451 691 510 huius
708 451 957 532 'complementum
976 452 1012 512 nd
1032 451 1180 516 Christum

7 531 141 590 venire
167 548 282 590 necesso
305 537 359 589 cst.
399 529 487 608 Quod
512 531 624 590 additur
648 532 774 590 secundo
797 532 941 606 membro,
965 536 1064 595 Deum
1082 537 1180 596 sedere
1304 571 1313 588 ι

7 612 264 749 {stistttt
278 610 720 768 iiiiiiiiuiitiiliffi
732 611 1089 770 tttttttttttt
1102 635 1179 754 ttt

10 770 160 830 eoelum
178 767 326 849 significet.
367 767 401 828 Si
420 769 458 830 do
475 769 584 850 templo
603 787 747 850 exponere
765 769 859 842 libent,
878 789 978 832 sensns
997 773 1059 846 erit,
1081 771 1179 834 Deum

9 849 72 907 sie
106 867 242 929 praeesse
265 850 320 907 toti
344 848 466 922 mundo,
490 867 525 908 no
549 849 672 929 populos
697 868 800 909 omnes
817 849 870 908 sub
889 852 1008 931 imperio
1027 871 1081 911 suo
1101 869 1178 912 com·

11 929 145 1008 plecti,
175 934 210 988 ot
230 927 365 1008 primario
393 934 490 987 tomen
518 929 580 987 eins
608 927 692 988 sedes
717 927 910 1008 ierosolymae
938 939 1065 996 monesi:
1094 931 1179 992 siculi

11 1011 127 1068 etiem
148 1005 216 1068 inde
232 1007 320 1066 fluxit
338 1005 486 1087 Evangelii
505 1007 641 1083 doctrino,
662 1026 719 1088 qun
738 1007 791 1067 sibi
807 1006 887 1068 Dens
906 1017 1025 1069 cunctos
1044 1011 1181 1072 mortales

13 1087 166 1168 subegit
197 1085 245 1147 Dc
265 1085 348 1146 coelo
367 1093 463 1148 tomen
483 1087 633 1147 commode
651 1089 780 1168 occipere
798 1085 902 1163 licebit,
921 1088 1000 1167 qnod
1020 1088 1099 1150 Deus
1118 1111 1178 1152 mn·

12 1187 108 1227 num
129 1186 215 1226 enom
229 1185 363 1227 exserens
374 1166 409 1226 od
424 1167 553 1226 homines
565 1165 617 1228 sub
633 1166 800 1247 obsequium
812 1187 896 1228 soum
911 1169 1063 1250 cogendos,
1082 1170 1180 1250 polam

14 1247 184 1321 ostendat,
204 1265 235 1306 se
253 1265 291 1306 ex
310 1245 382 1306 solio
403 1247 518 1315 coelesti
537 1245 677 1308 dominari
696 1265 782 1327 super
797 1246 941 1308 homines:
960 1249 1027 1328 quin
1042 1249 1097 1308 nisi
1112 1265 1180 1330 pro·

14 1327 160 1408 pinquis
180 1333 210 1388 et
228 1325 312 1386 claris
330 1327 562 1407 signisvirtntm
581 1344 663 1386 sunm
683 1326 866 1403 demonstret,
885 1327 985 1388 mundi
1004 1327 1179 1408 gubernator

14 1427 98 1467 non
118 1405 292 1488 agnoscitur.
650 1449 653 1457 -
874 1420 884 1480 j

120 1489 172 1548 10.
192 1489 350 1566 Principes
363 1487 552 1567 populorum.
572 1483 701 1546 Exomot
720 1493 749 1546 st
768 1485 923 1626 amplificat
941 1485 1071 1568 pluribus
1083 1487 1178 1549 verbis
1210 1535 1216 1551 .
1271 1495 1276 1516 “

18 1569 209 1648 proximum
227 1567 406 1640 sententium,
424 1585 524 1629 meus
543 1568 619 1626 enim
639 1564 739 1626 delinit
757 1585 813 1646 qun
827 1570 879 1628 'ter
897 1566 950 1626 siti
961 1566 1041 1628 Deus
1056 1586 1178 1649 regnum

21 1647 206 1727 eequisierit
224 1639 439 1726 soper'Gentcs,
459 1645 529 1704 dom
548 1646 655 1738 scilicet
674 1648 722 1724 qui
744 1648 822 1726 prins
841 1645 926 1706 alieni
944 1654 1034 1720 erunt,
1058 1648 1090 1708 io
1108 1667 1177 1708 son·
1297 1685 1302 1704 .

21 1727 106 1786 dem
127 1725 197 1786 tidei
215 1743 385 1786 comensem
404 1725 571 1786 cnolncront
590 1739 657 1784 corn
676 1725 793 1784 ludneis.
833 1725 931 1805 Atque
953 1729 994 1786 itn
1017 1746 1055 1786 ex
1073 1730 1178 1788 misero
1283 1723 1288 1742 '

23 1805 229 1886 dissipatione
246 1805 277 1864 in
291 1823 380 1864 unum
396 1823 500 1885 eorpus
515 1806 612 1863 varim
631 1809 729 1884 gentes
748 1805 885 1865 collectos
905 1813 980 1879 suot,
999 1825 1066 1866 nom
1087 1824 1179 1888 quum

23 1887 140 1944 illuxit
159 1883 304 1964 Evangelii
323 1884 467 1957 doctrino,
491 1903 550 1944 oon
575 1883 694 1943 obduxit
712 1883 833 1944 Iudaeos
851 1903 868 1942 a
887 1883 1000 1946 loedere
1020 1886 1098 1966 qood
1120 1888 1178 1968 pri·

28 1965 112 2024 dem
131 1963 297 2059 Deosoum
316 1961 372 2060 illis
391 1965 461 2060 pepi·
486 2049 491 2058 Ι
526 1963 617 2060 luced
630 1964 731 2102 potius
751 1983 805 2023 nos
824 1963 878 2059 illis
898 1964 1035 2061 odinnprit.
1076 1965 1178 2062 Quum

27 2043 1010 2206 ittdttttttttotptotttcttttt‘tttttt
1025 2044 1178 2186 ,titt

27 2205 77 2264 ad
101 2203 182 2265 illam
207 2209 320 2282 mntem
340 2203 471 2264 electum:
496 2209 531 2264 nt
550 2201 617 2264 telis
640 2205 765 2262 encomio
789 2223 909 2284 regnum
929 2203 985 2264 Dei
1006 2225 1055 2284 per
1075 2225 1177 2265 omnes

28 2291 136 2344 terrac
153 2281 252 2362 pinges
272 2281 450 2342 diffunderet.
481 2279 548 2360 Qun
567 2282 677 2342 ratione
696 2281 765 2342 dicit
783 2281 899 2355 Paulos,
917 2281 1024 2364 Ephss.
1044 2288 1074 2357 3,
1094 2284 1123 2346 6.
1144 2289 1177 2344 ut

28 2362 224 2422 haereditatis
241 2369 372 2422 notemus
391 2362 542 2444 participes
566 2368 662 2422 essem
680 2360 821 2433 Gentiles,
846 2361 937 2421 foetos
960 2363 1049 2424 tuisse
1066 2363 1177 2424 ludaeis

31 2459 263 2522 concorporem.
289 2439 463 2522 Qunoqnom
482 2449 578 2501 nutem
597 2439 709 2501 abolitis
728 2441 904 2516 ceremoniis,
923 2441 1052 2502 sdblotov
1071 2450 1116 2504 est
1134 2445 1176 2503 in·
1225 2493 1227 2502 .
1310 2443 1312 2450 '

29 2521 196 2580 tevmcdins
216 2523 317 2603 paries,
336 2523 385 2602 qui
405 2521 475 2581 ulios
494 2519 530 2580 nb
550 2521 611 2580 eliis
631 2519 793 2616 separabat:
813 2528 1024 2581 verumtamen
1044 2530 1097 2598 est,
1116 2543 1177 2583 non

31 2601 126 2661 aliter
148 2619 203 2660 nos
227 2601 334 2660 censeri
357 2601 432 2660 inter
446 2599 506 2660 ¹Dei
530 2599 618 2674 filios,
642 2601 696 2660 orsi
743 2601 787 2662 uin
812 2601 888 2662 insiti
912 2619 1011 2661 sumus
1036 2603 1066 2661 in
1086 2621 1177 2684 genos

33 2681 185 2742 Abrahae.
214 2677 274 2742 Neo
293 2681 328 2740 de
347 2680 434 2760 vulgo
453 2685 563 2740 tontum
583 2679 711 2760 loquitor
756 2677 883 2759 cophete,
902 2681 953 2740 sed
972 2682 1040 2761 ipsis
1061 2689 1177 2762 quoque

32 2757 217 2841 principibus
240 2759 311 2820 nihil
330 2759 367 2832 od
386 2778 527 2820 summurn
546 2757 709 2819 felicitatem
729 2761 824 2836 potius
844 2757 905 2818 lore
930 2759 1011 2835 dicit,
1036 2780 1124 2840 quam
1144 2768 1178 2820 ut

33 2859 174 2979 usti·
199 2839 318 2980 {itii
336 2839 485 2978 titt,
498 2839 581 2978 titt
605 2836 1176 2982 'sib‘cviiiliuitri'ioffiiidi‘di'

34 3009 89 3060 tur
110 2997 146 3060 od
165 2999 306 3081 populum
324 2997 382 3058 Dei
400 2962 547 3072 Amulius,
571 3004 605 3056 ut
629 2961 752 3057 odiamus
771 2995 880 3059 nutam
900 2999 991 3058 menis
1011 2989 1177 3078 dignitatem

35 3079 128 3138 tribui
148 3075 274 3154 ludaeis,
319 3097 372 3139 uos
394 3079 425 3138 io
443 3077 571 3160 ipsorum
591 3079 718 3158 personis
737 3077 872 3151 resideat,
896 3077 946 3138 sed
965 3085 1056 3138 totam
1075 3097 1186 3140 eorum

36 3158 244 3242 praestantiam
263 3099 329 3217 inille
347 3157 481 3239 pendere,
501 3158 567 3238 quin
588 3177 676 3238 purus
688 3155 742 3216 Dei
763 3157 858 3216 cultus
876 3157 950 3217 inter
969 3160 1047 3240 ipsos
1066 3159 1177 3234 florent,
1211 3194 1214 3203 ·

37 3247 71 3297 nt
90 3239 216 3312 eminent
234 3238 364 3300 coelestis
383 3237 520 3298 doctrino.
546 3235 643 3316 Quone
662 3236 733 3296 nihil
753 3236 809 3298 hoc
828 3237 864 3296 cd
884 3238 1035 3298 reiectitios
1054 3237 1179 3298 ludnens

37 3321 175 3400 pertinet,
194 3335 268 3398 qnos
287 3335 338 3377 son
356 3317 538 3378 incredulitas
552 3317 588 3376 nb
599 3315 723 3376 Ecclesia
738 3317 887 3378 obdicovit.
908 3317 966 3378 Sed
986 3318 1059 3398 qnia·
1073 3319 1176 3380 radicis

37 3404 168 3469 sonotne,
188 3403 222 3457 ul
239 3395 346 3457 Paulus
366 3397 452 3457 docet
470 3391 555 3456 Rom.
577 3399 625 3470 tt,
645 3399 692 3458 16.
713 3399 784 3455 romi
804 3397 970 3456 naturaliter
989 3399 1079 3457 sancti
1099 3403 1176 3472 sont,
1303 3422 1305 3430 ¹

37 3497 101 3536 non
121 3475 234 3536 obstitit
252 3477 366 3536 moioris
385 3478 474 3555 portis
493 3476 622 3550 detectio,
642 3477 711 3556 quio
731 3476 856 3555 reliquiis
871 3483 997 3538 maneret
1012 3477 1175 3537 htdlrooor.
1214 3525 1218 3550 ,

38 3557 144 3636 ltaque
168 3557 347 3637 consumptio
371 3557 420 3615 illo
445 3575 519 3636 quae
538 3555 694 3616 secondum
713 3554 818 3615 Ieseine
836 3557 1001 3626 vaticinium
1020 3558 1178 3623 exundavit

38 3639 69 3696 in
90 3643 185 3696 tolnm
203 3643 317 3710 terrum,
336 3641 458 3695 vocatur
477 3637 601 3717 populos
622 3633 679 3694 Dei
696 3635 839 3708 Abrnloc,
857 3634 927 3696 less.
947 3640 996 3710 oo,
1016 3641 1064 3700 23.
1100 3636 1177 3697 Coo·

38 3719 114 3776 tinet
133 3721 231 3776 notem
250 3715 296 3776 hic
321 3713 402 3774 locun
428 3717 527 3775 utilem
541 3710 723 3787 doctrinam,
746 3722 779 3774 ct
800 3733 864 3774 com
889 3715 1038 3796 duplicem.
1078 3717 1178 3777 Primo

39 3798 118 3856 enim
139 3795 206 3855 ltine
225 3795 372 3868 discimus,
392 3797 554 3890 qudcuoquc
572 3796 646 3854 inter
666 3793 721 3854 Det
738 3793 816 3880 tilios
833 3800 976 3857 ourncrari
994 3797 1109 3872 volunt,
1129 3795 1178 3855 de-
1231 3807 1236 3818 “

39 3875 110 3935 benc
130 3875 229 3936 locnm
253 3877 282 3934 in
302 3871 429 3955 Ecclesia
453 3893 602 3955 qnumcm,
631 3881 667 3934 nt
689 3873 844 3934 irstemnrn
868 3879 1006 3938 unitatem
1031 3897 1098 3938 com
1122 3875 1178 3956 piis

39 3955 177 4015 omnibus
202 3954 310 4014 oolnot=
335 3953 436 4014 deiude
460 3957 597 4014 noitolem
621 3952 775 4014 Ecclesiae
788 3973 848 4015 nou
872 3956 985 4017 olionde
1008 3975 1071 4017 esee
1094 3955 1177 4015 cesti·

38 4035 309 4114 mnndum-qum
332 4053 371 4094 ex
396 4035 506 4094 sincero
529 4033 566 4094 od
592 4032 760 4115 obsequium
783 4036 872 4096 verbo
896 4035 953 4097 Dci
977 4035 1179 4117 praestandum

38 4115 408 4186 consensu,'uisitt1oios
429 4113 512 4174 ovilis
533 4133 608 4176 uuus
626 4121 734 4196 postor.
767 4113 922 4176 Moneutnr
940 4117 1036 4186 etism,
1056 4116 1106 4194 qui
1126 4113 1178 4176 hos

38 4215 113 4255 nore
132 4201 163 4253 ct
183 4193 286 4274 opibus
304 4193 448 4254 excellunt
466 4194 495 4252 io
515 4194 637 4268 mundo,
662 4194 792 4275 deposita
810 4197 888 4256 omni
908 4215 941 4255 su
962 4194 1038 4254 erbis
1058 4193 1178 4254 libenter

37 4283 68 4335 et
88 4275 218 4334 modeste
237 4281 390 4334 commone
408 4276 506 4354 iugum
525 4273 629 4347 sutrim,
650 4281 682 4334 ot
701 4273 935 4354 seobrequeotes
1044 4276 1087 4333 ine
1102 4272 1178 4333 tilios

37 4353 171 4434 probent.
205 4350 297 4432 Quod
317 4356 446 4434 proxime
465 4355 602 4433 sequitur,
620 4358 681 4416 Det
699 4375 760 4415 esse
779 4357 900 4436 clypeos*
912 4363 1018 4429 tmoe,
1038 4353 1121 4414 multi
1140 4352 1177 4412 dc

38 4432 218 4514 principibus
238 4431 410 4517 intelligunt.
434 4431 472 4496 Et
491 4433 718 4515 fotmquttcm
737 4433 1029 4516 metaphoram-loono
1044 4434 1177 4515 frequen·
