<?xml version="1.0" encoding="UTF-8"?>
<!DOCTYPE html PUBLIC "-//W3C//DTD XHTML 1.0 Transitional//EN"
    "http://www.w3.org/TR/xhtml1/DTD/xhtml1-transitional.dtd">
<html xmlns="http://www.w3.org/1999/xhtml" xml:lang="en" lang="en">
 <head>
  <title>
</title>
<meta http-equiv="Content-Type" content="text/html;charset=utf-8" />
  <meta name='ocr-system' content='tesseract 3.04.00' />
  <meta name='ocr-capabilities' content='ocr_page ocr_carea ocr_par ocr_line ocrx_word'/>
</head>
<body>
  <div class='ocr_page' id='page_1' title='image "./ioanniscalvinii03tholgoog_0502.png"; bbox 0 0 2726 4888; ppageno 0'>
   <div class='ocr_carea' id='block_1_1' title="bbox 440 305 1174 404">
    <p class='ocr_par' dir='ltr' id='par_1_1' title="bbox 440 305 1174 404">
     <span class='ocr_line' id='line_1_1' title="bbox 440 305 1174 404; baseline 0.004 -36"><span class='ocrx_word' id='word_1_1' title='bbox 440 327 772 374; x_wconf 64' lang='lat' dir='ltr'><strong>turoneum.</strong></span> <span class='ocrx_word' id='word_1_2' title='bbox 810 305 828 404; x_wconf 24' lang='grc' dir='ltr'>Β</span> <span class='ocrx_word' id='word_1_3' title='bbox 1119 332 1174 390; x_wconf 73' lang='lat'><strong>48³</strong></span> 
     </span>
    </p>
   </div>
   <div class='ocr_carea' id='block_1_2' title="bbox 25 443 1237 1970">
    <p class='ocr_par' dir='ltr' id='par_1_2' title="bbox 25 443 1237 774">
     <span class='ocr_line' id='line_1_2' title="bbox 103 443 1172 536; baseline 0.007 -24"><span class='ocrx_word' id='word_1_4' title='bbox 103 451 157 512; x_wconf 77' lang='lat' dir='ltr'><strong>tc</strong></span> <span class='ocrx_word' id='word_1_5' title='bbox 183 451 319 511; x_wconf 70' lang='lat' dir='ltr'><strong>Vernus</strong></span> <span class='ocrx_word' id='word_1_6' title='bbox 335 457 456 526; x_wconf 73' lang='lat' dir='ltr'><strong>amr,</strong></span> <span class='ocrx_word' id='word_1_7' title='bbox 475 459 503 512; x_wconf 79' lang='lat' dir='ltr'><strong>er</strong></span> <span class='ocrx_word' id='word_1_8' title='bbox 521 459 662 534; x_wconf 63' lang='lat' dir='ltr'><strong>evergeta</strong></span> <span class='ocrx_word' id='word_1_9' title='bbox 680 475 753 514; x_wconf 64' lang='lat' dir='ltr'><strong>nm.</strong></span> <span class='ocrx_word' id='word_1_10' title='bbox 773 449 902 516; x_wconf 77' lang='lat' dir='ltr'><strong>vertum</strong></span> <span class='ocrx_word' id='word_1_11' title='bbox 920 443 978 516; x_wconf 75' lang='lat' dir='ltr'><strong>troo</strong></span> <span class='ocrx_word' id='word_1_12' title='bbox 997 461 1028 516; x_wconf 80' lang='lat' dir='ltr'><strong>et</strong></span> <span class='ocrx_word' id='word_1_13' title='bbox 1045 473 1172 536; x_wconf 76' lang='lat' dir='ltr'><strong>quaese-</strong></span> 
     </span>
     <span class='ocr_line' id='line_1_3' title="bbox 25 527 1170 614; baseline 0.01 -26"><span class='ocrx_word' id='word_1_14' title='bbox 25 535 158 610; x_wconf 84' lang='lat' dir='ltr'><strong>[uuntur</strong></span> <span class='ocrx_word' id='word_1_15' title='bbox 196 527 269 604; x_wconf 84' lang='lat' dir='ltr'><strong>alia,</strong></span> <span class='ocrx_word' id='word_1_16' title='bbox 297 528 445 612; x_wconf 83' lang='lat' dir='ltr'><strong>designaut</strong></span> <span class='ocrx_word' id='word_1_17' title='bbox 475 531 644 592; x_wconf 85' lang='lat' dir='ltr'><strong>continuum</strong></span> <span class='ocrx_word' id='word_1_18' title='bbox 675 539 785 592; x_wconf 74' lang='lat' dir='ltr'><strong>actum</strong></span> <span class='ocrx_word' id='word_1_19' title='bbox 815 533 938 614; x_wconf 83' lang='lat' dir='ltr'><strong>ideoque</strong></span> <span class='ocrx_word' id='word_1_20' title='bbox 962 537 1115 598; x_wconf 80' lang='lat' dir='ltr'><strong>commode</strong></span> <span class='ocrx_word' id='word_1_21' title='bbox 1137 539 1170 600; x_wconf 89' lang='lat' dir='ltr'><strong>in</strong></span> 
     </span>
     <span class='ocr_line' id='line_1_4' title="bbox 25 607 1237 694; baseline 0.006 -25"><span class='ocrx_word' id='word_1_22' title='bbox 25 609 172 670; x_wconf 74' lang='lat' dir='ltr'><strong>rmeseuti</strong></span> <span class='ocrx_word' id='word_1_23' title='bbox 195 613 325 691; x_wconf 85' lang='lat' dir='ltr'><strong>temporo</strong></span> <span class='ocrx_word' id='word_1_24' title='bbox 344 615 501 672; x_wconf 66' lang='lat' dir='ltr'><strong>vertatur.</strong></span> <span class='ocrx_word' id='word_1_25' title='bbox 538 607 574 672; x_wconf 87' lang='lat' dir='ltr'><strong>lu</strong></span> <span class='ocrx_word' id='word_1_26' title='bbox 599 611 726 674; x_wconf 85' lang='lat' dir='ltr'><strong>recrurdo</strong></span> <span class='ocrx_word' id='word_1_27' title='bbox 746 609 834 674; x_wconf 77' lang='lat' dir='ltr'><strong>verto</strong></span> <span class='ocrx_word' id='word_1_28' title='bbox 853 607 1023 694; x_wconf 81' lang='lat' dir='ltr'><strong>interpretes</strong></span> <span class='ocrx_word' id='word_1_29' title='bbox 1043 617 1170 680; x_wconf 85' lang='lat' dir='ltr'><strong>variant:</strong></span> <span class='ocrx_word' id='word_1_30' title='bbox 1235 635 1237 646; x_wconf 91' lang='grc'><strong><em>·</em></strong></span> 
     </span>
     <span class='ocr_line' id='line_1_5' title="bbox 25 687 1171 774; baseline 0.007 -26"><span class='ocrx_word' id='word_1_31' title='bbox 25 691 91 768; x_wconf 74' lang='lat' dir='ltr'><strong>[uia</strong></span> <span class='ocrx_word' id='word_1_32' title='bbox 117 687 292 749; x_wconf 81' lang='lat' dir='ltr'><strong>nonnullia</strong></span> <span class='ocrx_word' id='word_1_33' title='bbox 357 695 391 762; x_wconf 68' lang='lat' dir='ltr'><strong><em>w</em></strong></span> <span class='ocrx_word' id='word_1_34' title='bbox 415 689 576 764; x_wconf 83' lang='lat' dir='ltr'><strong>deducunt,</strong></span> <span class='ocrx_word' id='word_1_35' title='bbox 605 691 684 772; x_wconf 81' lang='lat' dir='ltr'><strong>quud</strong></span> <span class='ocrx_word' id='word_1_36' title='bbox 709 691 869 754; x_wconf 63' lang='lat' dir='ltr'><strong>desiduus</strong></span> <span class='ocrx_word' id='word_1_37' title='bbox 892 693 1048 774; x_wconf 74' lang='lat' dir='ltr'><strong>signifieat:</strong></span> <span class='ocrx_word' id='word_1_38' title='bbox 1078 695 1127 756; x_wconf 86' lang='lat' dir='ltr'><strong>alii</strong></span> <span class='ocrx_word' id='word_1_39' title='bbox 1151 713 1171 758; x_wconf 83' lang='lat' dir='ltr'><strong>a</strong></span> 
     </span>
    </p>

    <p class='ocr_par' dir='ltr' id='par_1_3' title="bbox 25 767 1170 1970">
     <span class='ocr_line' id='line_1_6' title="bbox 75 767 1170 858; baseline 0.008 -31"><span class='ocrx_word' id='word_1_40' title='bbox 75 775 114 839; x_wconf 70' lang='lat' dir='ltr'><strong><em>w</em></strong></span> <span class='ocrx_word' id='word_1_41' title='bbox 135 767 215 849; x_wconf 91' lang='lat' dir='ltr'><strong>quod</strong></span> <span class='ocrx_word' id='word_1_42' title='bbox 234 775 280 830; x_wconf 77' lang='lat' dir='ltr'><strong>est</strong></span> <span class='ocrx_word' id='word_1_43' title='bbox 338 774 399 828; x_wconf 90' lang='lat' dir='ltr'><strong>tunr</strong></span> <span class='ocrx_word' id='word_1_44' title='bbox 412 769 495 829; x_wconf 82' lang='lat' dir='ltr'><strong>darc.</strong></span> <span class='ocrx_word' id='word_1_45' title='bbox 521 767 635 831; x_wconf 84' lang='lat' dir='ltr'><strong>Priores</strong></span> <span class='ocrx_word' id='word_1_46' title='bbox 654 771 861 848; x_wconf 67' lang='lat' dir='ltr'><strong>tumolvmr,</strong></span> <span class='ocrx_word' id='word_1_47' title='bbox 880 771 1170 858; x_wconf 74' lang='lat' dir='ltr'><strong>Dorniuepuetguam</strong></span> 
     </span>
     <span class='ocr_line' id='line_1_7' title="bbox 25 849 1167 927; baseline 0.011 -21"><span class='ocrx_word' id='word_1_48' title='bbox 25 869 46 906; x_wconf 90' lang='lat' dir='ltr'><strong>o</strong></span> <span class='ocrx_word' id='word_1_49' title='bbox 71 867 113 927; x_wconf 82' lang='lat' dir='ltr'><strong>go</strong></span> <span class='ocrx_word' id='word_1_50' title='bbox 134 854 216 910; x_wconf 75' lang='lat' dir='ltr'><strong>aestu</strong></span> <span class='ocrx_word' id='word_1_51' title='bbox 235 854 265 908; x_wconf 88' lang='lat' dir='ltr'><strong>et</strong></span> <span class='ocrx_word' id='word_1_52' title='bbox 282 850 411 910; x_wconf 81' lang='lat' dir='ltr'><strong>nceitata</strong></span> <span class='ocrx_word' id='word_1_53' title='bbox 428 849 520 910; x_wconf 81' lang='lat' dir='ltr'><strong>feristi</strong></span> <span class='ocrx_word' id='word_1_54' title='bbox 538 850 617 911; x_wconf 81' lang='lat' dir='ltr'><strong>sitire</strong></span> <span class='ocrx_word' id='word_1_55' title='bbox 635 857 750 927; x_wconf 77' lang='lat' dir='ltr'><strong>temus,</strong></span> <span class='ocrx_word' id='word_1_56' title='bbox 770 851 886 914; x_wconf 85' lang='lat' dir='ltr'><strong>deruuns</strong></span> <span class='ocrx_word' id='word_1_57' title='bbox 904 855 1086 920; x_wconf 76' lang='lat' dir='ltr'><strong>eamvisitea.</strong></span> <span class='ocrx_word' id='word_1_58' title='bbox 1106 855 1167 918; x_wconf 86' lang='lat' dir='ltr'><strong>lile·</strong></span> 
     </span>
     <span class='ocr_line' id='line_1_8' title="bbox 25 927 1167 1013; baseline 0.01 -27"><span class='ocrx_word' id='word_1_59' title='bbox 25 929 75 986; x_wconf 89' lang='lat' dir='ltr'><strong>ius</strong></span> <span class='ocrx_word' id='word_1_60' title='bbox 102 935 203 989; x_wconf 81' lang='lat' dir='ltr'><strong>tamen</strong></span> <span class='ocrx_word' id='word_1_61' title='bbox 221 928 285 1004; x_wconf 81' lang='lat' dir='ltr'><strong>fluit</strong></span> <span class='ocrx_word' id='word_1_62' title='bbox 303 927 391 990; x_wconf 88' lang='lat' dir='ltr'><strong>altera</strong></span> <span class='ocrx_word' id='word_1_63' title='bbox 410 929 621 1010; x_wconf 65' lang='lat' dir='ltr'><strong>interpretatio,</strong></span> <span class='ocrx_word' id='word_1_64' title='bbox 647 929 787 992; x_wconf 86' lang='lat' dir='ltr'><strong>Deusta</strong></span> <span class='ocrx_word' id='word_1_65' title='bbox 804 932 969 1013; x_wconf 71' lang='lat' dir='ltr'><strong>irrigatione</strong></span> <span class='ocrx_word' id='word_1_66' title='bbox 993 940 1099 996; x_wconf 86' lang='lat' dir='ltr'><strong>terram</strong></span> <span class='ocrx_word' id='word_1_67' title='bbox 1124 937 1167 996; x_wconf 84' lang='lat' dir='ltr'><strong>vi·</strong></span> 
     </span>
     <span class='ocr_line' id='line_1_9' title="bbox 25 1007 1166 1096; baseline 0.007 -29"><span class='ocrx_word' id='word_1_68' title='bbox 25 1010 102 1068; x_wconf 79' lang='lat' dir='ltr'><strong>itae.</strong></span> <span class='ocrx_word' id='word_1_69' title='bbox 132 1007 173 1067; x_wconf 82' lang='lat' dir='ltr'><strong>iit</strong></span> <span class='ocrx_word' id='word_1_70' title='bbox 191 1013 345 1068; x_wconf 80' lang='lat' dir='ltr'><strong>contextus</strong></span> <span class='ocrx_word' id='word_1_71' title='bbox 363 1007 420 1068; x_wconf 89' lang='lat' dir='ltr'><strong>lroc</strong></span> <span class='ocrx_word' id='word_1_72' title='bbox 436 1009 526 1074; x_wconf 83' lang='lat' dir='ltr'><strong>modo</strong></span> <span class='ocrx_word' id='word_1_73' title='bbox 546 1010 650 1070; x_wconf 85' lang='lat' dir='ltr'><strong>metius</strong></span> <span class='ocrx_word' id='word_1_74' title='bbox 669 1009 816 1072; x_wconf 66' lang='lat' dir='ltr'><strong>cohaemm</strong></span> <span class='ocrx_word' id='word_1_75' title='bbox 836 1015 903 1092; x_wconf 87' lang='lat' dir='ltr'><strong>quia</strong></span> <span class='ocrx_word' id='word_1_76' title='bbox 944 1013 1055 1074; x_wconf 83' lang='lat' dir='ltr'><strong>reximo</strong></span> <span class='ocrx_word' id='word_1_77' title='bbox 1072 1016 1166 1096; x_wconf 83' lang='lat' dir='ltr'><strong>eequi-</strong></span> 
     </span>
     <span class='ocr_line' id='line_1_10' title="bbox 28 1088 1166 1228; baseline 0.008 -81"><span class='ocrx_word' id='word_1_78' title='bbox 28 1107 77 1146; x_wconf 81' lang='lat' dir='ltr'><strong>ur.</strong></span> <span class='ocrx_word' id='word_1_79' title='bbox 99 1099 136 1148; x_wconf 75' lang='lat' dir='ltr'><strong>to</strong></span> <span class='ocrx_word' id='word_1_80' title='bbox 155 1090 235 1148; x_wconf 77' lang='lat' dir='ltr'><strong>ditos</strong></span> <span class='ocrx_word' id='word_1_81' title='bbox 253 1109 319 1148; x_wconf 81' lang='lat' dir='ltr'><strong>eaor</strong></span> <span class='ocrx_word' id='word_1_82' title='bbox 337 1095 469 1170; x_wconf 69' lang='lat' dir='ltr'><strong>coptam:</strong></span> <span class='ocrx_word' id='word_1_83' title='bbox 488 1088 566 1168; x_wconf 79' lang='lat' dir='ltr'><strong>guod</strong></span> <span class='ocrx_word' id='word_1_84' title='bbox 585 1091 777 1228; x_wconf 66' lang='lat' dir='ltr'><strong>amplificandi</strong></span> <span class='ocrx_word' id='word_1_85' title='bbox 797 1109 884 1152; x_wconf 85' lang='lat' dir='ltr'><strong>eausa</strong></span> <span class='ocrx_word' id='word_1_86' title='bbox 961 1093 1032 1154; x_wconf 86' lang='lat' dir='ltr'><strong>&#39;tum</strong></span> <span class='ocrx_word' id='word_1_87' title='bbox 1040 1111 1105 1156; x_wconf 85' lang='lat' dir='ltr'><strong>esre</strong></span> <span class='ocrx_word' id='word_1_88' title='bbox 1115 1114 1166 1176; x_wconf 88' lang='lat' dir='ltr'><strong>pa·</strong></span> 
     </span>
     <span class='ocr_line' id='line_1_11' title="bbox 25 1166 608 1248; baseline 0.005 -22"><span class='ocrx_word' id='word_1_89' title='bbox 25 1174 70 1226; x_wconf 85' lang='lat' dir='ltr'><strong>et.</strong></span> <span class='ocrx_word' id='word_1_90' title='bbox 100 1166 234 1228; x_wconf 76' lang='lat' dir='ltr'><strong>Dubitari</strong></span> <span class='ocrx_word' id='word_1_91' title='bbox 251 1174 349 1228; x_wconf 87' lang='lat' dir='ltr'><strong>tamea</strong></span> <span class='ocrx_word' id='word_1_92' title='bbox 367 1173 461 1248; x_wconf 81' lang='lat' dir='ltr'><strong>potest</strong></span> <span class='ocrx_word' id='word_1_93' title='bbox 480 1169 608 1232; x_wconf 87' lang='lat' dir='ltr'><strong>solamne</strong></span> 
     </span>
     <span class='ocr_line' id='line_1_12' title="bbox 25 1243 1166 1334; baseline 0.008 -28"><span class='ocrx_word' id='word_1_94' title='bbox 25 1267 103 1307; x_wconf 79' lang='lat' dir='ltr'><strong>serm</strong></span> <span class='ocrx_word' id='word_1_95' title='bbox 133 1243 197 1328; x_wconf 79' lang='lat' dir='ltr'><strong>ligo</strong></span> <span class='ocrx_word' id='word_1_96' title='bbox 217 1249 349 1328; x_wconf 72' lang='lat' dir='ltr'><strong>qumvis</strong></span> <span class='ocrx_word' id='word_1_97' title='bbox 367 1249 457 1310; x_wconf 78' lang='lat' dir='ltr'><strong>fatear</strong></span> <span class='ocrx_word' id='word_1_98' title='bbox 475 1247 548 1309; x_wconf 84' lang='lat' dir='ltr'><strong>haee</strong></span> <span class='ocrx_word' id='word_1_99' title='bbox 567 1250 666 1310; x_wconf 88' lang='lat' dir='ltr'><strong>onmia</strong></span> <span class='ocrx_word' id='word_1_100' title='bbox 684 1269 754 1312; x_wconf 79' lang='lat' dir='ltr'><strong>vero</strong></span> <span class='ocrx_word' id='word_1_101' title='bbox 773 1250 809 1311; x_wconf 90' lang='lat' dir='ltr'><strong>de</strong></span> <span class='ocrx_word' id='word_1_102' title='bbox 828 1257 892 1312; x_wconf 88' lang='lat' dir='ltr'><strong>toto</strong></span> <span class='ocrx_word' id='word_1_103' title='bbox 912 1250 981 1313; x_wconf 89' lang='lat' dir='ltr'><strong>orbe</strong></span> <span class='ocrx_word' id='word_1_104' title='bbox 1000 1252 1166 1334; x_wconf 84' lang='lat' dir='ltr'><strong>praedicari,</strong></span> 
     </span>
     <span class='ocr_line' id='line_1_13' title="bbox 25 1325 1165 1410; baseline 0.008 -25"><span class='ocrx_word' id='word_1_105' title='bbox 25 1329 157 1387; x_wconf 62' lang='lat' dir='ltr'><strong>existimo</strong></span> <span class='ocrx_word' id='word_1_106' title='bbox 181 1333 279 1388; x_wconf 82' lang='lat' dir='ltr'><strong>tamen</strong></span> <span class='ocrx_word' id='word_1_107' title='bbox 296 1325 440 1388; x_wconf 76' lang='lat' dir='ltr'><strong>Davidem</strong></span> <span class='ocrx_word' id='word_1_108' title='bbox 464 1330 587 1410; x_wconf 85' lang='lat' dir='ltr'><strong>proprie</strong></span> <span class='ocrx_word' id='word_1_109' title='bbox 611 1329 691 1410; x_wconf 85' lang='lat' dir='ltr'><strong>ioqui</strong></span> <span class='ocrx_word' id='word_1_110' title='bbox 719 1330 755 1392; x_wconf 86' lang='lat' dir='ltr'><strong>de</strong></span> <span class='ocrx_word' id='word_1_111' title='bbox 773 1329 897 1407; x_wconf 80' lang='lat' dir='ltr'><strong>iudaea,</strong></span> <span class='ocrx_word' id='word_1_112' title='bbox 921 1330 1165 1394; x_wconf 84' lang='lat' dir='ltr'><strong>sicuti‘hacteuue</strong></span> 
     </span>
     <span class='ocr_line' id='line_1_14' title="bbox 25 1405 1164 1490; baseline 0.006 -23"><span class='ocrx_word' id='word_1_113' title='bbox 25 1407 182 1467; x_wconf 76' lang='lat' dir='ltr'><strong>mlebrarit</strong></span> <span class='ocrx_word' id='word_1_114' title='bbox 206 1405 362 1487; x_wconf 85' lang='lat' dir='ltr'><strong>peculiares</strong></span> <span class='ocrx_word' id='word_1_115' title='bbox 382 1405 440 1468; x_wconf 88' lang='lat' dir='ltr'><strong>Dei</strong></span> <span class='ocrx_word' id='word_1_116' title='bbox 464 1409 571 1490; x_wconf 82' lang='lat' dir='ltr'><strong>gratiae</strong></span> <span class='ocrx_word' id='word_1_117' title='bbox 595 1428 662 1490; x_wconf 89' lang='lat' dir='ltr'><strong>erga</strong></span> <span class='ocrx_word' id='word_1_118' title='bbox 682 1408 847 1471; x_wconf 85' lang='lat' dir='ltr'><strong>Ecclesiam.</strong></span> <span class='ocrx_word' id='word_1_119' title='bbox 887 1411 916 1472; x_wconf 78' lang='lat' dir='ltr'>A</span> <span class='ocrx_word' id='word_1_120' title='bbox 950 1430 986 1471; x_wconf 89' lang='lat' dir='ltr'><strong>ue</strong></span> <span class='ocrx_word' id='word_1_121' title='bbox 1007 1410 1077 1474; x_wconf 85' lang='lat' dir='ltr'><strong>huic</strong></span> <span class='ocrx_word' id='word_1_122' title='bbox 1101 1431 1164 1474; x_wconf 87' lang='lat' dir='ltr'><strong>eeu·</strong></span> 
     </span>
     <span class='ocr_line' id='line_1_15' title="bbox 25 1480 1163 1574; baseline 0.007 -28"><span class='ocrx_word' id='word_1_123' title='bbox 25 1487 135 1547; x_wconf 69' lang='lat' dir='ltr'><strong>cutiae</strong></span> <span class='ocrx_word' id='word_1_124' title='bbox 154 1486 346 1568; x_wconf 80' lang='lat' dir='ltr'><strong>adstipulatur</strong></span> <span class='ocrx_word' id='word_1_125' title='bbox 365 1485 442 1567; x_wconf 85' lang='lat' dir='ltr'><strong>quod</strong></span> <span class='ocrx_word' id='word_1_126' title='bbox 462 1487 632 1548; x_wconf 82' lang='lat' dir='ltr'><strong>etatimadiu</strong></span> <span class='ocrx_word' id='word_1_127' title='bbox 673 1489 681 1508; x_wconf 79' lang='lat'>‘</span> <span class='ocrx_word' id='word_1_128' title='bbox 714 1493 848 1574; x_wconf 75' lang='lat' dir='ltr'><strong>flectere</strong></span> <span class='ocrx_word' id='word_1_129' title='bbox 857 1492 926 1567; x_wconf 84' lang='lat' dir='ltr'><strong>Det,</strong></span> <span class='ocrx_word' id='word_1_130' title='bbox 945 1480 1163 1574; x_wconf 72' lang='lat' dir='ltr'><strong>wlrivumple·</strong></span> 
     </span>
     <span class='ocr_line' id='line_1_16' title="bbox 25 1563 1165 1653; baseline 0.007 -27"><span class='ocrx_word' id='word_1_131' title='bbox 25 1591 96 1626; x_wconf 79' lang='lat' dir='ltr'><strong>runs</strong></span> <span class='ocrx_word' id='word_1_132' title='bbox 114 1587 175 1628; x_wconf 78' lang='lat' dir='ltr'><strong>ears</strong></span> <span class='ocrx_word' id='word_1_133' title='bbox 192 1575 294 1650; x_wconf 74' lang='lat' dir='ltr'><strong>operta,</strong></span> <span class='ocrx_word' id='word_1_134' title='bbox 317 1563 392 1628; x_wconf 85' lang='lat' dir='ltr'><strong>Nam</strong></span> <span class='ocrx_word' id='word_1_135' title='bbox 411 1567 492 1648; x_wconf 84' lang='lat' dir='ltr'><strong>quod</strong></span> <span class='ocrx_word' id='word_1_136' title='bbox 510 1569 632 1629; x_wconf 83' lang='lat' dir='ltr'><strong>flurium</strong></span> <span class='ocrx_word' id='word_1_137' title='bbox 681 1571 709 1630; x_wconf 92' lang='lat' dir='ltr'><strong>ei</strong></span> <span class='ocrx_word' id='word_1_138' title='bbox 727 1589 782 1652; x_wconf 92' lang='lat' dir='ltr'><strong>pro</strong></span> <span class='ocrx_word' id='word_1_139' title='bbox 801 1589 831 1632; x_wconf 88' lang='lat' dir='ltr'><strong>ru</strong></span> <span class='ocrx_word' id='word_1_140' title='bbox 925 1570 973 1632; x_wconf 85' lang='lat' dir='ltr'><strong>rel</strong></span> <span class='ocrx_word' id='word_1_141' title='bbox 990 1589 1037 1630; x_wconf 89' lang='lat' dir='ltr'><strong>am</strong></span> <span class='ocrx_word' id='word_1_142' title='bbox 1069 1573 1165 1653; x_wconf 73' lang='lat' dir='ltr'><strong>nqui-</strong></span> 
     </span>
     <span class='ocr_line' id='line_1_17' title="bbox 25 1646 1163 1734; baseline 0.005 -29"><span class='ocrx_word' id='word_1_143' title='bbox 25 1648 89 1706; x_wconf 82' lang='lat' dir='ltr'><strong>lam</strong></span> <span class='ocrx_word' id='word_1_144' title='bbox 107 1647 260 1728; x_wconf 74' lang='lat' dir='ltr'><strong>accipiunt,</strong></span> <span class='ocrx_word' id='word_1_145' title='bbox 280 1646 384 1707; x_wconf 85' lang='lat' dir='ltr'><strong>durum</strong></span> <span class='ocrx_word' id='word_1_146' title='bbox 403 1653 447 1708; x_wconf 88' lang='lat' dir='ltr'><strong>est</strong></span> <span class='ocrx_word' id='word_1_147' title='bbox 465 1667 500 1708; x_wconf 88' lang='lat' dir='ltr'><strong>ac</strong></span> <span class='ocrx_word' id='word_1_148' title='bbox 519 1655 667 1709; x_wconf 85' lang='lat' dir='ltr'><strong>coactum:</strong></span> <span class='ocrx_word' id='word_1_149' title='bbox 687 1656 717 1710; x_wconf 89' lang='lat' dir='ltr'><strong>et</strong></span> <span class='ocrx_word' id='word_1_150' title='bbox 736 1651 831 1732; x_wconf 80' lang='lat' dir='ltr'><strong>potius</strong></span> <span class='ocrx_word' id='word_1_151' title='bbox 872 1651 879 1666; x_wconf 87' lang='lat'>&#39;</span> <span class='ocrx_word' id='word_1_152' title='bbox 902 1651 910 1668; x_wconf 85' lang='lat'><em>⁰</em></span> <span class='ocrx_word' id='word_1_153' title='bbox 957 1651 1025 1714; x_wconf 85' lang='lat' dir='ltr'><strong>tila</strong></span> <span class='ocrx_word' id='word_1_154' title='bbox 1056 1652 1163 1734; x_wconf 84' lang='lat' dir='ltr'><strong>oaplu-</strong></span> 
     </span>
     <span class='ocr_line' id='line_1_18' title="bbox 25 1723 1163 1870; baseline 0.005 -84"><span class='ocrx_word' id='word_1_155' title='bbox 25 1727 80 1822; x_wconf 70' lang='lat' dir='ltr'><strong>nli⁸</strong></span> <span class='ocrx_word' id='word_1_156' title='bbox 98 1745 228 1786; x_wconf 88' lang='lat' dir='ltr'><strong>numero.</strong></span> <span class='ocrx_word' id='word_1_157' title='bbox 269 1723 399 1808; x_wconf 86' lang='lat' dir='ltr'><strong>Oppouit</strong></span> <span class='ocrx_word' id='word_1_158' title='bbox 423 1733 534 1802; x_wconf 87' lang='lat' dir='ltr'><strong>autem,</strong></span> <span class='ocrx_word' id='word_1_159' title='bbox 558 1747 623 1788; x_wconf 85' lang='lat' dir='ltr'><strong>uteo</strong></span> <span class='ocrx_word' id='word_1_160' title='bbox 646 1729 767 1826; x_wconf 75' lang='lat' dir='ltr'><strong>iudicio,</strong></span> <span class='ocrx_word' id='word_1_161' title='bbox 789 1729 885 1826; x_wconf 61' lang='lat' dir='ltr'><strong>iluaiir</strong></span> <span class='ocrx_word' id='word_1_162' title='bbox 910 1729 1086 1826; x_wconf 78' lang='lat' dir='ltr'><strong>naturalibus</strong></span> <span class='ocrx_word' id='word_1_163' title='bbox 1109 1731 1163 1870; x_wconf 63' lang='lat' dir='ltr'><strong>¹riui</strong></span> 
     </span>
     <span class='ocr_line' id='line_1_19' title="bbox 25 1806 1162 1970; baseline 0.004 -25"><span class='ocrx_word' id='word_1_164' title='bbox 25 1825 152 1945; x_wconf 64' lang='lat' dir='ltr'><strong>itti</strong></span> <span class='ocrx_word' id='word_1_165' title='bbox 169 1806 596 1962; x_wconf 51' lang='lat' dir='ltr'><strong>,tettalttrttffi</strong></span> <span class='ocrx_word' id='word_1_166' title='bbox 614 1808 1074 1970; x_wconf 59' lang='lat' dir='ltr'><strong>ifttttt&#39;tti&#39;tt‘.</strong></span> <span class='ocrx_word' id='word_1_167' title='bbox 1090 1827 1162 1950; x_wconf 67' lang='lat' dir='ltr'><strong>ini</strong></span> 
     </span>
    </p>
   </div>
   <div class='ocr_carea' id='block_1_3' title="bbox 641 1170 1201 1255">
    <p class='ocr_par' dir='ltr' id='par_1_4' title="bbox 641 1170 1201 1255">
     <span class='ocr_line' id='line_1_20' title="bbox 641 1170 1201 1255; baseline 0.011 -25"><span class='ocrx_word' id='word_1_168' title='bbox 641 1170 761 1232; x_wconf 69' lang='lat' dir='ltr'><strong>adeum</strong></span> <span class='ocrx_word' id='word_1_169' title='bbox 780 1171 928 1252; x_wconf 80' lang='lat' dir='ltr'><strong>intelligat,</strong></span> <span class='ocrx_word' id='word_1_170' title='bbox 945 1191 985 1234; x_wconf 85' lang='lat' dir='ltr'><strong>an</strong></span> <span class='ocrx_word' id='word_1_171' title='bbox 1004 1174 1099 1236; x_wconf 90' lang='lat' dir='ltr'><strong>totum</strong></span> <span class='ocrx_word' id='word_1_172' title='bbox 1118 1194 1165 1236; x_wconf 88' lang='lat' dir='ltr'><strong>or·</strong></span> <span class='ocrx_word' id='word_1_173' title='bbox 1189 1195 1201 1255; x_wconf 68' lang='lat' dir='ltr'><em>j</em></span> 
     </span>
    </p>
   </div>
   <div class='ocr_carea' id='block_1_4' title="bbox 25 1957 1337 2050">
    <p class='ocr_par' dir='ltr' id='par_1_5' title="bbox 25 1957 1337 2050">
     <span class='ocr_line' id='line_1_21' title="bbox 25 1957 1337 2050; baseline 0.002 -26"><span class='ocrx_word' id='word_1_174' title='bbox 25 1965 257 2039; x_wconf 63' lang='lat' dir='ltr'><strong>catirenaco</strong></span> <span class='ocrx_word' id='word_1_175' title='bbox 276 1967 331 2027; x_wconf 71' lang='lat' dir='ltr'><strong>nrt</strong></span> <span class='ocrx_word' id='word_1_176' title='bbox 349 1965 448 2026; x_wconf 68' lang='lat' dir='ltr'><strong>emim</strong></span> <span class='ocrx_word' id='word_1_177' title='bbox 466 1965 617 2048; x_wconf 72' lang='lat' dir='ltr'><strong>Aegypto,</strong></span> <span class='ocrx_word' id='word_1_178' title='bbox 636 1985 724 2050; x_wconf 74' lang='lat' dir='ltr'><strong>qum</strong></span> <span class='ocrx_word' id='word_1_179' title='bbox 743 1966 970 2030; x_wconf 68' lang='lat' dir='ltr'><strong>immutetur</strong></span> <span class='ocrx_word' id='word_1_180' title='bbox 989 1968 1160 2030; x_wconf 69' lang='lat' dir='ltr'><strong>murum</strong></span> <span class='ocrx_word' id='word_1_181' title='bbox 1290 2000 1292 2012; x_wconf 53' lang='grc' dir='ltr'><strong>ι</strong></span> <span class='ocrx_word' id='word_1_182' title='bbox 1336 1957 1337 1968; x_wconf 71' lang='lat'><em>&#39;</em></span> 
     </span>
    </p>
   </div>
   <div class='ocr_carea' id='block_1_5' title="bbox 25 2045 1161 2208">
    <p class='ocr_par' dir='ltr' id='par_1_6' title="bbox 25 2045 1161 2208">
     <span class='ocr_line' id='line_1_22' title="bbox 25 2045 1160 2130; baseline 0.004 -25"><span class='ocrx_word' id='word_1_183' title='bbox 25 2046 71 2105; x_wconf 84' lang='lat' dir='ltr'><strong>red</strong></span> <span class='ocrx_word' id='word_1_184' title='bbox 94 2051 171 2106; x_wconf 87' lang='lat' dir='ltr'><strong>terra</strong></span> <span class='ocrx_word' id='word_1_185' title='bbox 194 2045 266 2105; x_wconf 85' lang='lat' dir='ltr'><strong>haec</strong></span> <span class='ocrx_word' id='word_1_186' title='bbox 290 2053 439 2127; x_wconf 81' lang='lat' dir='ltr'><strong>exspectat</strong></span> <span class='ocrx_word' id='word_1_187' title='bbox 462 2047 591 2126; x_wconf 84' lang='lat' dir='ltr'><strong>pluviam</strong></span> <span class='ocrx_word' id='word_1_188' title='bbox 614 2049 744 2108; x_wconf 84' lang='lat' dir='ltr'><strong>acceto.</strong></span> <span class='ocrx_word' id='word_1_189' title='bbox 784 2046 839 2108; x_wconf 86' lang='lat' dir='ltr'><strong>Vel</strong></span> <span class='ocrx_word' id='word_1_190' title='bbox 863 2047 939 2110; x_wconf 83' lang='lat' dir='ltr'><strong>torte</strong></span> <span class='ocrx_word' id='word_1_191' title='bbox 964 2047 1160 2130; x_wconf 83' lang='lat' dir='ltr'><strong>metaphorice</strong></span> 
     </span>
     <span class='ocr_line' id='line_1_23' title="bbox 25 2123 1161 2208; baseline 0.005 -25"><span class='ocrx_word' id='word_1_192' title='bbox 25 2125 146 2206; x_wconf 79' lang='lat' dir='ltr'><strong>appellat</strong></span> <span class='ocrx_word' id='word_1_193' title='bbox 169 2123 297 2206; x_wconf 82' lang='lat' dir='ltr'><strong>pluviam</strong></span> <span class='ocrx_word' id='word_1_194' title='bbox 316 2127 417 2208; x_wconf 85' lang='lat' dir='ltr'><strong>ipranr,</strong></span> <span class='ocrx_word' id='word_1_195' title='bbox 437 2124 495 2187; x_wconf 89' lang='lat' dir='ltr'><strong>Dei</strong></span> <span class='ocrx_word' id='word_1_196' title='bbox 513 2127 642 2188; x_wconf 85' lang='lat' dir='ltr'><strong>durium.</strong></span> <span class='ocrx_word' id='word_1_197' title='bbox 663 2125 750 2188; x_wconf 71' lang='lat' dir='ltr'><strong>Certe</strong></span> <span class='ocrx_word' id='word_1_198' title='bbox 769 2126 1016 2188; x_wconf 87' lang='lat' dir='ltr'><strong>hocadludaeanr</strong></span> <span class='ocrx_word' id='word_1_199' title='bbox 1026 2129 1161 2208; x_wconf 76' lang='lat' dir='ltr'><strong>restringi</strong></span> 
     </span>
    </p>
   </div>
   <div class='ocr_carea' id='block_1_6' title="bbox 25 2205 1260 2289">
    <p class='ocr_par' dir='ltr' id='par_1_7' title="bbox 25 2205 1260 2289">
     <span class='ocr_line' id='line_1_24' title="bbox 25 2205 1260 2289; baseline 0.006 -25"><span class='ocrx_word' id='word_1_200' title='bbox 25 2205 112 2280; x_wconf 88' lang='lat' dir='ltr'><strong>tebet,</strong></span> <span class='ocrx_word' id='word_1_201' title='bbox 131 2205 217 2266; x_wconf 82' lang='lat' dir='ltr'><strong>eicuti</strong></span> <span class='ocrx_word' id='word_1_202' title='bbox 236 2207 320 2266; x_wconf 84' lang='lat' dir='ltr'><strong>etiam</strong></span> <span class='ocrx_word' id='word_1_203' title='bbox 340 2223 392 2286; x_wconf 88' lang='lat' dir='ltr'><strong>per</strong></span> <span class='ocrx_word' id='word_1_204' title='bbox 411 2222 516 2286; x_wconf 86' lang='lat' dir='ltr'><strong>pascua</strong></span> <span class='ocrx_word' id='word_1_205' title='bbox 538 2207 583 2266; x_wconf 86' lang='lat' dir='ltr'><strong>rol</strong></span> <span class='ocrx_word' id='word_1_206' title='bbox 601 2205 763 2268; x_wconf 69' lang='lat' dir='ltr'><strong>habimcrda</strong></span> <span class='ocrx_word' id='word_1_207' title='bbox 777 2206 882 2267; x_wconf 81' lang='lat' dir='ltr'><strong>deserti</strong></span> <span class='ocrx_word' id='word_1_208' title='bbox 902 2207 1071 2289; x_wconf 70' lang='lat' dir='ltr'><strong>intelligitur</strong></span> <span class='ocrx_word' id='word_1_209' title='bbox 1085 2209 1161 2270; x_wconf 87' lang='lat' dir='ltr'><strong>sicea</strong></span> <span class='ocrx_word' id='word_1_210' title='bbox 1255 2213 1260 2220; x_wconf 82' lang='lat'>&#39;</span> 
     </span>
    </p>
   </div>
   <div class='ocr_carea' id='block_1_7' title="bbox 25 2285 1247 4582">
    <p class='ocr_par' dir='ltr' id='par_1_8' title="bbox 25 2285 1172 3063">
     <span class='ocr_line' id='line_1_25' title="bbox 25 2285 1160 2448; baseline 0.003 -25"><span class='ocrx_word' id='word_1_211' title='bbox 25 2293 311 2424; x_wconf 55' lang='lat' dir='ltr'><strong>ditm</strong></span> <span class='ocrx_word' id='word_1_212' title='bbox 323 2285 1160 2448; x_wconf 57' lang='lat' dir='ltr'><strong>ttifflttstttffidtffitffi</strong></span> 
     </span>
     <span class='ocr_line' id='line_1_26' title="bbox 25 2443 1172 2525; baseline 0.004 -21"><span class='ocrx_word' id='word_1_213' title='bbox 25 2451 111 2504; x_wconf 75' lang='lat' dir='ltr'><strong>rtrum</strong></span> <span class='ocrx_word' id='word_1_214' title='bbox 130 2450 227 2504; x_wconf 88' lang='lat' dir='ltr'><strong>tarueu</strong></span> <span class='ocrx_word' id='word_1_215' title='bbox 246 2450 303 2518; x_wconf 85' lang='lat' dir='ltr'><strong>ert,</strong></span> <span class='ocrx_word' id='word_1_216' title='bbox 322 2444 485 2525; x_wconf 73' lang='lat' dir='ltr'><strong>ubicmque</strong></span> <span class='ocrx_word' id='word_1_217' title='bbox 505 2445 674 2521; x_wconf 83' lang='lat' dir='ltr'><strong>habitemus,</strong></span> <span class='ocrx_word' id='word_1_218' title='bbox 694 2447 805 2506; x_wconf 77' lang='lat' dir='ltr'><strong>divitior</strong></span> <span class='ocrx_word' id='word_1_219' title='bbox 825 2443 960 2506; x_wconf 76' lang='lat' dir='ltr'><strong>bonum</strong></span> <span class='ocrx_word' id='word_1_220' title='bbox 978 2445 1034 2506; x_wconf 89' lang='lat' dir='ltr'><strong>Dei</strong></span> <span class='ocrx_word' id='word_1_221' title='bbox 1052 2448 1084 2507; x_wconf 89' lang='lat' dir='ltr'><strong>iu</strong></span> <span class='ocrx_word' id='word_1_222' title='bbox 1103 2453 1172 2519; x_wconf 79' lang='lat' dir='ltr'><strong>ter·¹</strong></span> 
     </span>
     <span class='ocr_line' id='line_1_27' title="bbox 26 2521 1159 2605; baseline 0.004 -23"><span class='ocrx_word' id='word_1_223' title='bbox 26 2543 66 2583; x_wconf 80' lang='lat' dir='ltr'><strong>ac</strong></span> <span class='ocrx_word' id='word_1_224' title='bbox 90 2529 233 2605; x_wconf 80' lang='lat' dir='ltr'><strong>proventu</strong></span> <span class='ocrx_word' id='word_1_225' title='bbox 251 2529 282 2583; x_wconf 88' lang='lat' dir='ltr'><strong>et</strong></span> <span class='ocrx_word' id='word_1_226' title='bbox 304 2521 446 2584; x_wconf 77' lang='lat' dir='ltr'><strong>fertilitate</strong></span> <span class='ocrx_word' id='word_1_227' title='bbox 470 2523 632 2603; x_wconf 76' lang='lat' dir='ltr'><strong>agnoscere</strong></span> <span class='ocrx_word' id='word_1_228' title='bbox 672 2524 773 2604; x_wconf 86' lang='lat' dir='ltr'><strong>Neque</strong></span> <span class='ocrx_word' id='word_1_229' title='bbox 792 2525 870 2586; x_wconf 85' lang='lat' dir='ltr'><strong>auius</strong></span> <span class='ocrx_word' id='word_1_230' title='bbox 889 2543 941 2586; x_wconf 87' lang='lat' dir='ltr'><strong>aua</strong></span> <span class='ocrx_word' id='word_1_231' title='bbox 960 2527 1068 2588; x_wconf 81' lang='lat' dir='ltr'><strong>virtute</strong></span> <span class='ocrx_word' id='word_1_232' title='bbox 1085 2526 1159 2590; x_wconf 74' lang='lat' dir='ltr'><strong>nu-</strong></span> 
     </span>
     <span class='ocr_line' id='line_1_28' title="bbox 28 2601 1158 2688; baseline 0.004 -26"><span class='ocrx_word' id='word_1_233' title='bbox 28 2604 145 2684; x_wconf 88' lang='lat' dir='ltr'><strong>ipiicem</strong></span> <span class='ocrx_word' id='word_1_234' title='bbox 169 2601 311 2662; x_wconf 90' lang='lat' dir='ltr'><strong>bonorum</strong></span> <span class='ocrx_word' id='word_1_235' title='bbox 337 2603 511 2664; x_wconf 85' lang='lat' dir='ltr'><strong>affluentiam</strong></span> <span class='ocrx_word' id='word_1_236' title='bbox 533 2611 660 2684; x_wconf 88' lang='lat' dir='ltr'><strong>generat,</strong></span> <span class='ocrx_word' id='word_1_237' title='bbox 686 2605 741 2665; x_wconf 89' lang='lat' dir='ltr'><strong>uisi</strong></span> <span class='ocrx_word' id='word_1_238' title='bbox 764 2611 905 2684; x_wconf 84' lang='lat' dir='ltr'><strong>quatenus</strong></span> <span class='ocrx_word' id='word_1_239' title='bbox 925 2623 988 2665; x_wconf 88' lang='lat' dir='ltr'><strong>eam</strong></span> <span class='ocrx_word' id='word_1_240' title='bbox 1008 2603 1089 2666; x_wconf 87' lang='lat' dir='ltr'><strong>Dece</strong></span> <span class='ocrx_word' id='word_1_241' title='bbox 1108 2625 1158 2688; x_wconf 88' lang='lat' dir='ltr'><strong>pa·</strong></span> 
     </span>
     <span class='ocr_line' id='line_1_29' title="bbox 27 2681 1157 2764; baseline 0.003 -22"><span class='ocrx_word' id='word_1_242' title='bbox 27 2684 128 2742; x_wconf 84' lang='lat' dir='ltr'><strong>cendir</strong></span> <span class='ocrx_word' id='word_1_243' title='bbox 152 2681 314 2744; x_wconf 85' lang='lat' dir='ltr'><strong>hominibus</strong></span> <span class='ocrx_word' id='word_1_244' title='bbox 339 2685 455 2762; x_wconf 86' lang='lat' dir='ltr'><strong>aptarit</strong></span> <span class='ocrx_word' id='word_1_245' title='bbox 495 2682 563 2742; x_wconf 89' lang='lat' dir='ltr'><strong>ideo</strong></span> <span class='ocrx_word' id='word_1_246' title='bbox 589 2687 658 2744; x_wconf 87' lang='lat' dir='ltr'><strong>scite</strong></span> <span class='ocrx_word' id='word_1_247' title='bbox 677 2690 707 2744; x_wconf 89' lang='lat' dir='ltr'><strong>et</strong></span> <span class='ocrx_word' id='word_1_248' title='bbox 726 2685 866 2744; x_wconf 74' lang='lat' dir='ltr'><strong>concione</strong></span> <span class='ocrx_word' id='word_1_249' title='bbox 886 2683 981 2744; x_wconf 88' lang='lat' dir='ltr'><strong>David</strong></span> <span class='ocrx_word' id='word_1_250' title='bbox 1002 2687 1096 2764; x_wconf 87' lang='lat' dir='ltr'><strong>parari</strong></span> <span class='ocrx_word' id='word_1_251' title='bbox 1117 2687 1157 2746; x_wconf 92' lang='lat' dir='ltr'><strong>di·</strong></span> 
     </span>
     <span class='ocr_line' id='line_1_30' title="bbox 26 2761 1157 2844; baseline 0.003 -22"><span class='ocrx_word' id='word_1_252' title='bbox 26 2765 55 2822; x_wconf 83' lang='lat' dir='ltr'><strong>it</strong></span> <span class='ocrx_word' id='word_1_253' title='bbox 76 2761 238 2822; x_wconf 86' lang='lat' dir='ltr'><strong>homiuibus</strong></span> <span class='ocrx_word' id='word_1_254' title='bbox 258 2761 442 2837; x_wconf 80' lang='lat' dir='ltr'><strong>trumentum,</strong></span> <span class='ocrx_word' id='word_1_255' title='bbox 464 2763 531 2842; x_wconf 88' lang='lat' dir='ltr'><strong>quia</strong></span> <span class='ocrx_word' id='word_1_256' title='bbox 550 2763 591 2823; x_wconf 89' lang='lat' dir='ltr'><strong>sie</strong></span> <span class='ocrx_word' id='word_1_257' title='bbox 610 2771 709 2844; x_wconf 87' lang='lat' dir='ltr'><strong>parata</strong></span> <span class='ocrx_word' id='word_1_258' title='bbox 728 2770 772 2824; x_wconf 84' lang='lat' dir='ltr'><strong>est</strong></span> <span class='ocrx_word' id='word_1_259' title='bbox 791 2769 868 2822; x_wconf 85' lang='lat' dir='ltr'><strong>terra</strong></span> <span class='ocrx_word' id='word_1_260' title='bbox 887 2781 905 2823; x_wconf 89' lang='lat' dir='ltr'><strong>a</strong></span> <span class='ocrx_word' id='word_1_261' title='bbox 927 2761 1064 2824; x_wconf 90' lang='lat' dir='ltr'><strong>Domino.</strong></span> <span class='ocrx_word' id='word_1_262' title='bbox 1085 2763 1157 2825; x_wconf 88' lang='lat' dir='ltr'><strong>Seu·</strong></span> 
     </span>
     <span class='ocr_line' id='line_1_31' title="bbox 26 2841 1157 2938; baseline 0.002 -36"><span class='ocrx_word' id='word_1_263' title='bbox 26 2861 65 2902; x_wconf 85' lang='lat' dir='ltr'><strong>ne</strong></span> <span class='ocrx_word' id='word_1_264' title='bbox 85 2847 181 2902; x_wconf 86' lang='lat' dir='ltr'><strong>autem</strong></span> <span class='ocrx_word' id='word_1_265' title='bbox 200 2847 252 2914; x_wconf 83' lang='lat' dir='ltr'><strong>cst,</strong></span> <span class='ocrx_word' id='word_1_266' title='bbox 272 2841 445 2938; x_wconf 73' lang='lat' dir='ltr'><strong>opulentiam</strong></span> <span class='ocrx_word' id='word_1_267' title='bbox 465 2841 538 2902; x_wconf 87' lang='lat' dir='ltr'><strong>hauc</strong></span> <span class='ocrx_word' id='word_1_268' title='bbox 556 2845 708 2924; x_wconf 84' lang='lat' dir='ltr'><strong>prevenire</strong></span> <span class='ocrx_word' id='word_1_269' title='bbox 726 2861 765 2904; x_wconf 81' lang='lat' dir='ltr'><strong>ex</strong></span> <span class='ocrx_word' id='word_1_270' title='bbox 784 2848 869 2918; x_wconf 70' lang='lat' dir='ltr'><strong>mua,</strong></span> <span class='ocrx_word' id='word_1_271' title='bbox 889 2841 1048 2922; x_wconf 86' lang='lat' dir='ltr'><strong>quiaDeur</strong></span> <span class='ocrx_word' id='word_1_272' title='bbox 1068 2844 1157 2904; x_wconf 86' lang='lat' dir='ltr'><strong>instar</strong></span> 
     </span>
     <span class='ocr_line' id='line_1_32' title="bbox 26 2920 1158 3063; baseline 0.002 -81"><span class='ocrx_word' id='word_1_273' title='bbox 26 2923 132 3063; x_wconf 53' lang='lat' dir='ltr'><strong>diffinit</strong></span> <span class='ocrx_word' id='word_1_274' title='bbox 144 2921 352 3063; x_wconf 49' lang='lat' dir='ltr'><strong>patnstampiei?</strong></span> <span class='ocrx_word' id='word_1_275' title='bbox 376 2920 539 2984; x_wconf 83' lang='lat' dir='ltr'><strong>hominibus</strong></span> <span class='ocrx_word' id='word_1_276' title='bbox 562 2925 725 3005; x_wconf 74' lang='lat' dir='ltr'><strong>prospicem</strong></span> <span class='ocrx_word' id='word_1_277' title='bbox 744 2922 860 2998; x_wconf 87' lang='lat' dir='ltr'><strong>volone,</strong></span> <span class='ocrx_word' id='word_1_278' title='bbox 884 2940 949 2984; x_wconf 82' lang='lat' dir='ltr'><strong>cem</strong></span> <span class='ocrx_word' id='word_1_279' title='bbox 968 2922 1103 2984; x_wconf 82' lang='lat' dir='ltr'><strong>formarit</strong></span> <span class='ocrx_word' id='word_1_280' title='bbox 1122 2927 1158 2984; x_wconf 91' lang='lat' dir='ltr'><strong>ut</strong></span> 
     </span>
     <span class='ocr_line' id='line_1_33' title="bbox 54 3019 204 3062; baseline -0.007 -1"><span class='ocrx_word' id='word_1_281' title='bbox 54 3019 151 3061; x_wconf 86' lang='lat' dir='ltr'><strong>mena</strong></span> <span class='ocrx_word' id='word_1_282' title='bbox 170 3022 204 3062; x_wconf 85' lang='lat' dir='ltr'><strong>su</strong></span> 
     </span>
    </p>

    <p class='ocr_par' dir='ltr' id='par_1_9' title="bbox 26 3001 1247 4582">
     <span class='ocr_line' id='line_1_34' title="bbox 97 3001 1209 3162; baseline -0.002 -18"><span class='ocrx_word' id='word_1_283' title='bbox 97 3085 144 3144; x_wconf 91' lang='lat'><strong>11.</strong></span> <span class='ocrx_word' id='word_1_284' title='bbox 165 3001 360 3144; x_wconf 51' lang='lat' dir='ltr'><strong>&amp;fferre</strong></span> <span class='ocrx_word' id='word_1_285' title='bbox 380 3077 506 3160; x_wconf 83' lang='lat' dir='ltr'><strong>Quidam</strong></span> <span class='ocrx_word' id='word_1_286' title='bbox 525 3081 613 3144; x_wconf 86' lang='lat' dir='ltr'><strong>verba</strong></span> <span class='ocrx_word' id='word_1_287' title='bbox 632 3079 703 3142; x_wconf 86' lang='lat' dir='ltr'><strong>haec</strong></span> <span class='ocrx_word' id='word_1_288' title='bbox 723 3081 873 3142; x_wconf 73' lang='lat' dir='ltr'><strong>rmolvuut</strong></span> <span class='ocrx_word' id='word_1_289' title='bbox 892 3083 923 3144; x_wconf 92' lang='lat' dir='ltr'><strong>in</strong></span> <span class='ocrx_word' id='word_1_290' title='bbox 943 3079 1062 3142; x_wconf 90' lang='lat' dir='ltr'><strong>modurn</strong></span> <span class='ocrx_word' id='word_1_291' title='bbox 1074 3087 1154 3162; x_wconf 90' lang='lat' dir='ltr'><strong>opta-</strong></span> <span class='ocrx_word' id='word_1_292' title='bbox 1183 3125 1185 3134; x_wconf 83' lang='lat'><em>.</em></span> <span class='ocrx_word' id='word_1_293' title='bbox 1206 3123 1209 3134; x_wconf 83' lang='lat'>·</span> 
     </span>
     <span class='ocr_line' id='line_1_35' title="bbox 27 3161 1154 3242; baseline -0.001 -20"><span class='ocrx_word' id='word_1_294' title='bbox 27 3163 125 3234; x_wconf 89' lang='lat' dir='ltr'><strong>ivum,</strong></span> <span class='ocrx_word' id='word_1_295' title='bbox 150 3167 183 3224; x_wconf 91' lang='lat' dir='ltr'><strong>ut</strong></span> <span class='ocrx_word' id='word_1_296' title='bbox 206 3164 243 3222; x_wconf 87' lang='lat' dir='ltr'><strong>sit</strong></span> <span class='ocrx_word' id='word_1_297' title='bbox 261 3163 397 3242; x_wconf 87' lang='lat' dir='ltr'><strong>precatio.</strong></span> <span class='ocrx_word' id='word_1_298' title='bbox 436 3161 527 3242; x_wconf 78' lang='lat' dir='ltr'><strong>Atqui</strong></span> <span class='ocrx_word' id='word_1_299' title='bbox 547 3181 607 3222; x_wconf 89' lang='lat' dir='ltr'><strong>uun</strong></span> <span class='ocrx_word' id='word_1_300' title='bbox 626 3161 725 3224; x_wconf 88' lang='lat' dir='ltr'><strong>dubito</strong></span> <span class='ocrx_word' id='word_1_301' title='bbox 746 3163 816 3242; x_wconf 91' lang='lat' dir='ltr'><strong>quin</strong></span> <span class='ocrx_word' id='word_1_302' title='bbox 854 3161 991 3224; x_wconf 75' lang='lat' dir='ltr'><strong>cotiarum</strong></span> <span class='ocrx_word' id='word_1_303' title='bbox 1010 3162 1154 3222; x_wconf 87' lang='lat' dir='ltr'><strong>actionem</strong></span> 
     </span>
     <span class='ocr_line' id='line_1_36' title="bbox 26 3239 1247 3324; baseline -0.001 -24"><span class='ocrx_word' id='word_1_304' title='bbox 26 3243 165 3302; x_wconf 75' lang='lat' dir='ltr'><strong>mntiuuet</strong></span> <span class='ocrx_word' id='word_1_305' title='bbox 187 3239 301 3320; x_wconf 83' lang='lat' dir='ltr'><strong>David,</strong></span> <span class='ocrx_word' id='word_1_306' title='bbox 323 3261 358 3302; x_wconf 90' lang='lat' dir='ltr'><strong>eo</strong></span> <span class='ocrx_word' id='word_1_307' title='bbox 383 3241 462 3322; x_wconf 89' lang='lat' dir='ltr'><strong>quod</strong></span> <span class='ocrx_word' id='word_1_308' title='bbox 486 3247 590 3302; x_wconf 79' lang='lat' dir='ltr'><strong>terram</strong></span> <span class='ocrx_word' id='word_1_309' title='bbox 614 3241 720 3324; x_wconf 81' lang='lat' dir='ltr'><strong>pluviis</strong></span> <span class='ocrx_word' id='word_1_310' title='bbox 744 3241 809 3301; x_wconf 87' lang='lat' dir='ltr'><strong>mad</strong></span> <span class='ocrx_word' id='word_1_311' title='bbox 839 3242 933 3302; x_wconf 70' lang='lat' dir='ltr'><strong>amens</strong></span> <span class='ocrx_word' id='word_1_312' title='bbox 957 3261 992 3302; x_wconf 91' lang='lat' dir='ltr'><strong>ac</strong></span> <span class='ocrx_word' id='word_1_313' title='bbox 1015 3247 1155 3314; x_wconf 88' lang='lat' dir='ltr'><strong>saturans,</strong></span> <span class='ocrx_word' id='word_1_314' title='bbox 1243 3267 1247 3288; x_wconf 86' lang='lat'><strong>·</strong></span> 
     </span>
     <span class='ocr_line' id='line_1_37' title="bbox 26 3319 1156 3403; baseline 0.001 -23"><span class='ocrx_word' id='word_1_315' title='bbox 26 3321 206 3382; x_wconf 76' lang='lat' dir='ltr'><strong>tuetiiioandi</strong></span> <span class='ocrx_word' id='word_1_316' title='bbox 229 3323 288 3382; x_wconf 81' lang='lat' dir='ltr'><strong>viru</strong></span> <span class='ocrx_word' id='word_1_317' title='bbox 314 3327 457 3403; x_wconf 85' lang='lat' dir='ltr'><strong>suggerat</strong></span> <span class='ocrx_word' id='word_1_318' title='bbox 497 3319 612 3400; x_wconf 82' lang='lat' dir='ltr'><strong>Quibus</strong></span> <span class='ocrx_word' id='word_1_319' title='bbox 637 3320 732 3381; x_wconf 80' lang='lat' dir='ltr'><strong>verbis</strong></span> <span class='ocrx_word' id='word_1_320' title='bbox 757 3319 896 3403; x_wconf 80' lang='lat' dir='ltr'><strong>siguificat</strong></span> <span class='ocrx_word' id='word_1_321' title='bbox 922 3328 1016 3382; x_wconf 88' lang='lat' dir='ltr'><strong>totum</strong></span> <span class='ocrx_word' id='word_1_322' title='bbox 1037 3327 1156 3381; x_wconf 86' lang='lat' dir='ltr'><strong>naturae</strong></span> 
     </span>
     <span class='ocr_line' id='line_1_38' title="bbox 26 3399 1155 3484; baseline 0.002 -26"><span class='ocrx_word' id='word_1_323' title='bbox 26 3401 145 3460; x_wconf 74' lang='lat' dir='ltr'><strong>udinem</strong></span> <span class='ocrx_word' id='word_1_324' title='bbox 169 3401 361 3463; x_wconf 86' lang='lat' dir='ltr'><strong>testimonium</strong></span> <span class='ocrx_word' id='word_1_325' title='bbox 385 3419 447 3462; x_wconf 83' lang='lat' dir='ltr'><strong>esse</strong></span> <span class='ocrx_word' id='word_1_326' title='bbox 466 3403 577 3484; x_wconf 83' lang='lat' dir='ltr'><strong>paterni</strong></span> <span class='ocrx_word' id='word_1_327' title='bbox 597 3419 665 3482; x_wconf 85' lang='lat' dir='ltr'><strong>crgo</strong></span> <span class='ocrx_word' id='word_1_328' title='bbox 684 3419 739 3462; x_wconf 86' lang='lat' dir='ltr'><strong>nor</strong></span> <span class='ocrx_word' id='word_1_329' title='bbox 758 3399 815 3462; x_wconf 88' lang='lat' dir='ltr'><strong>Dei</strong></span> <span class='ocrx_word' id='word_1_330' title='bbox 836 3401 956 3475; x_wconf 85' lang='lat' dir='ltr'><strong>amoris,</strong></span> <span class='ocrx_word' id='word_1_331' title='bbox 974 3399 1061 3482; x_wconf 78' lang='lat' dir='ltr'><strong>¹quod</strong></span> <span class='ocrx_word' id='word_1_332' title='bbox 1082 3419 1155 3480; x_wconf 88' lang='lat' dir='ltr'><strong>quo-</strong></span> 
     </span>
     <span class='ocr_line' id='line_1_39' title="bbox 28 3479 1155 3564; baseline 0.002 -26"><span class='ocrx_word' id='word_1_333' title='bbox 28 3481 115 3540; x_wconf 88' lang='lat' dir='ltr'><strong>tdiaui</strong></span> <span class='ocrx_word' id='word_1_334' title='bbox 137 3481 229 3542; x_wconf 82' lang='lat' dir='ltr'><strong>victus</strong></span> <span class='ocrx_word' id='word_1_335' title='bbox 249 3482 340 3542; x_wconf 82' lang='lat' dir='ltr'><strong>nostri</strong></span> <span class='ocrx_word' id='word_1_336' title='bbox 359 3499 457 3541; x_wconf 90' lang='lat' dir='ltr'><strong>euram</strong></span> <span class='ocrx_word' id='word_1_337' title='bbox 477 3483 620 3564; x_wconf 83' lang='lat' dir='ltr'><strong>suscipere</strong></span> <span class='ocrx_word' id='word_1_338' title='bbox 639 3481 782 3563; x_wconf 78' lang='lat' dir='ltr'><strong>dignetur.</strong></span> <span class='ocrx_word' id='word_1_339' title='bbox 820 3479 955 3541; x_wconf 87' lang='lat' dir='ltr'><strong>Pluribus</strong></span> <span class='ocrx_word' id='word_1_340' title='bbox 975 3485 1072 3540; x_wconf 88' lang='lat' dir='ltr'><strong>autem</strong></span> <span class='ocrx_word' id='word_1_341' title='bbox 1092 3497 1155 3540; x_wconf 80' lang='lat' dir='ltr'><strong>ver·</strong></span> 
     </span>
     <span class='ocr_line' id='line_1_40' title="bbox 27 3559 1153 3643; baseline 0.001 -25"><span class='ocrx_word' id='word_1_342' title='bbox 27 3561 61 3618; x_wconf 80' lang='lat' dir='ltr'><strong>ris</strong></span> <span class='ocrx_word' id='word_1_343' title='bbox 82 3560 201 3622; x_wconf 85' lang='lat' dir='ltr'><strong>inculcat</strong></span> <span class='ocrx_word' id='word_1_344' title='bbox 220 3559 295 3622; x_wconf 83' lang='lat' dir='ltr'><strong>lrauo</strong></span> <span class='ocrx_word' id='word_1_345' title='bbox 313 3559 369 3622; x_wconf 87' lang='lat' dir='ltr'><strong>Dei</strong></span> <span class='ocrx_word' id='word_1_346' title='bbox 390 3561 518 3643; x_wconf 78' lang='lat' dir='ltr'><strong>gretiam,</strong></span> <span class='ocrx_word' id='word_1_347' title='bbox 537 3579 625 3642; x_wconf 85' lang='lat' dir='ltr'><strong>quam</strong></span> <span class='ocrx_word' id='word_1_348' title='bbox 644 3562 736 3622; x_wconf 86' lang='lat' dir='ltr'><strong>maior</strong></span> <span class='ocrx_word' id='word_1_349' title='bbox 755 3579 822 3643; x_wconf 88' lang='lat' dir='ltr'><strong>pars</strong></span> <span class='ocrx_word' id='word_1_350' title='bbox 841 3560 941 3622; x_wconf 89' lang='lat' dir='ltr'><strong>muudi</strong></span> <span class='ocrx_word' id='word_1_351' title='bbox 960 3561 1047 3640; x_wconf 88' lang='lat' dir='ltr'><strong>impie</strong></span> <span class='ocrx_word' id='word_1_352' title='bbox 1067 3559 1153 3620; x_wconf 80' lang='lat' dir='ltr'><strong>secie</strong></span> 
     </span>
     <span class='ocr_line' id='line_1_41' title="bbox 27 3637 1152 3722; baseline 0 -24"><span class='ocrx_word' id='word_1_353' title='bbox 27 3647 133 3720; x_wconf 62' lang='lat' dir='ltr'><strong>*alequa</strong></span> <span class='ocrx_word' id='word_1_354' title='bbox 157 3639 298 3700; x_wconf 89' lang='lat' dir='ltr'><strong>obscurat.</strong></span> <span class='ocrx_word' id='word_1_355' title='bbox 338 3637 412 3701; x_wconf 89' lang='lat' dir='ltr'><strong>Nam</strong></span> <span class='ocrx_word' id='word_1_356' title='bbox 437 3648 470 3700; x_wconf 89' lang='lat' dir='ltr'><strong>ut</strong></span> <span class='ocrx_word' id='word_1_357' title='bbox 534 3643 617 3722; x_wconf 85' lang='lat' dir='ltr'><strong>isque</strong></span> <span class='ocrx_word' id='word_1_358' title='bbox 641 3641 832 3722; x_wconf 80' lang='lat' dir='ltr'><strong>perspicacior</strong></span> <span class='ocrx_word' id='word_1_359' title='bbox 852 3641 945 3701; x_wconf 85' lang='lat' dir='ltr'><strong>estin</strong></span> <span class='ocrx_word' id='word_1_360' title='bbox 965 3639 1152 3700; x_wconf 86' lang='lat' dir='ltr'><strong>observandis</strong></span> 
     </span>
     <span class='ocr_line' id='line_1_42' title="bbox 27 3657 1151 3795; baseline -0.001 -17"><span class='ocrx_word' id='word_1_361' title='bbox 27 3719 190 3780; x_wconf 80' lang='lat' dir='ltr'><strong>raturalibus</strong></span> <span class='ocrx_word' id='word_1_362' title='bbox 208 3721 317 3794; x_wconf 86' lang='lat' dir='ltr'><strong>mediis,</strong></span> <span class='ocrx_word' id='word_1_363' title='bbox 333 3722 377 3781; x_wconf 90' lang='lat' dir='ltr'><strong>ita</strong></span> <span class='ocrx_word' id='word_1_364' title='bbox 396 3721 452 3780; x_wconf 89' lang='lat' dir='ltr'><strong>illis</strong></span> <span class='ocrx_word' id='word_1_365' title='bbox 470 3657 534 3781; x_wconf 55' lang='lat' dir='ltr'><strong>affl,</strong></span> <span class='ocrx_word' id='word_1_366' title='bbox 542 3741 575 3781; x_wconf 86' lang='lat' dir='ltr'><strong>us</strong></span> <span class='ocrx_word' id='word_1_367' title='bbox 595 3728 700 3795; x_wconf 85' lang='lat' dir='ltr'><strong>menet,</strong></span> <span class='ocrx_word' id='word_1_368' title='bbox 719 3727 753 3780; x_wconf 89' lang='lat' dir='ltr'><strong>ut</strong></span> <span class='ocrx_word' id='word_1_369' title='bbox 772 3720 808 3780; x_wconf 86' lang='lat' dir='ltr'><strong>ad</strong></span> <span class='ocrx_word' id='word_1_370' title='bbox 828 3717 925 3781; x_wconf 86' lang='lat' dir='ltr'><strong>Deum</strong></span> <span class='ocrx_word' id='word_1_371' title='bbox 944 3720 1061 3780; x_wconf 74' lang='lat' dir='ltr'><strong>minium</strong></span> <span class='ocrx_word' id='word_1_372' title='bbox 1082 3737 1151 3778; x_wconf 89' lang='lat' dir='ltr'><strong>con·</strong></span> 
     </span>
     <span class='ocr_line' id='line_1_43' title="bbox 27 3799 1165 3882; baseline -0.001 -23"><span class='ocrx_word' id='word_1_373' title='bbox 27 3800 140 3860; x_wconf 80' lang='lat' dir='ltr'><strong>condat.</strong></span> <span class='ocrx_word' id='word_1_374' title='bbox 179 3799 312 3861; x_wconf 83' lang='lat' dir='ltr'><strong>Debebat</strong></span> <span class='ocrx_word' id='word_1_375' title='bbox 335 3801 450 3880; x_wconf 88' lang='lat' dir='ltr'><strong>quidem</strong></span> <span class='ocrx_word' id='word_1_376' title='bbox 474 3800 668 3882; x_wconf 84' lang='lat' dir='ltr'><strong>philosophia,</strong></span> <span class='ocrx_word' id='word_1_377' title='bbox 694 3819 753 3880; x_wconf 88' lang='lat' dir='ltr'><strong>quo</strong></span> <span class='ocrx_word' id='word_1_378' title='bbox 778 3799 1031 3881; x_wconf 73' lang='lat' dir='ltr'><strong>penitimexeutit</strong></span> <span class='ocrx_word' id='word_1_379' title='bbox 1050 3816 1165 3875; x_wconf 23' lang='lat' dir='ltr'><strong>arcana,</strong></span> 
     </span>
     <span class='ocr_line' id='line_1_44' title="bbox 27 3879 1189 3978; baseline -0.001 -40"><span class='ocrx_word' id='word_1_380' title='bbox 27 3879 87 3952; x_wconf 88' lang='lat' dir='ltr'><strong>)ei,</strong></span> <span class='ocrx_word' id='word_1_381' title='bbox 109 3881 225 3962; x_wconf 89' lang='lat' dir='ltr'><strong>propius</strong></span> <span class='ocrx_word' id='word_1_382' title='bbox 245 3899 299 3942; x_wconf 84' lang='lat' dir='ltr'><strong>uoe</strong></span> <span class='ocrx_word' id='word_1_383' title='bbox 319 3881 468 3962; x_wconf 88' lang='lat' dir='ltr'><strong>adipsum</strong></span> <span class='ocrx_word' id='word_1_384' title='bbox 488 3880 643 3955; x_wconf 72' lang='lat' dir='ltr'><strong>adducere,</strong></span> <span class='ocrx_word' id='word_1_385' title='bbox 669 3881 724 3940; x_wconf 85' lang='lat' dir='ltr'><strong>uisi</strong></span> <span class='ocrx_word' id='word_1_386' title='bbox 744 3879 889 3942; x_wconf 79' lang='lat' dir='ltr'><strong>obstarent</strong></span> <span class='ocrx_word' id='word_1_387' title='bbox 909 3881 1034 3978; x_wconf 85' lang='lat' dir='ltr'><strong>pravitas</strong></span> <span class='ocrx_word' id='word_1_388' title='bbox 1054 3885 1151 3938; x_wconf 87' lang='lat' dir='ltr'><strong>nostra</strong></span> <span class='ocrx_word' id='word_1_389' title='bbox 1185 3885 1189 3894; x_wconf 93' lang='lat'>&#39;</span> 
     </span>
     <span class='ocr_line' id='line_1_45' title="bbox 27 3958 1151 4100; baseline -0.002 -82"><span class='ocrx_word' id='word_1_390' title='bbox 27 3969 46 4019; x_wconf 76' lang='lat' dir='ltr'><strong>et</strong></span> <span class='ocrx_word' id='word_1_391' title='bbox 66 3959 243 4040; x_wconf 81' lang='lat' dir='ltr'><strong>ingratitudo.</strong></span> <span class='ocrx_word' id='word_1_392' title='bbox 274 3959 331 4020; x_wconf 88' lang='lat' dir='ltr'><strong>Sed</strong></span> <span class='ocrx_word' id='word_1_393' title='bbox 352 3961 419 4042; x_wconf 87' lang='lat' dir='ltr'><strong>quia</strong></span> <span class='ocrx_word' id='word_1_394' title='bbox 439 3962 591 4021; x_wconf 82' lang='lat' dir='ltr'><strong>acutissimi</strong></span> <span class='ocrx_word' id='word_1_395' title='bbox 616 3962 724 4041; x_wconf 89' lang='lat' dir='ltr'><strong>quique</strong></span> <span class='ocrx_word' id='word_1_396' title='bbox 738 3961 858 4100; x_wconf 64' lang='lat' dir='ltr'><strong>Bluviae</strong></span> <span class='ocrx_word' id='word_1_397' title='bbox 879 3962 1015 4040; x_wconf 79' lang='lat' dir='ltr'><strong>maginem</strong></span> <span class='ocrx_word' id='word_1_398' title='bbox 1034 3958 1064 4016; x_wconf 92' lang='lat' dir='ltr'><strong>in</strong></span> <span class='ocrx_word' id='word_1_399' title='bbox 1085 3963 1151 4018; x_wconf 75' lang='lat' dir='ltr'><strong>atre</strong></span> 
     </span>
     <span class='ocr_line' id='line_1_46' title="bbox 27 4037 1152 4138; baseline -0.001 -41"><span class='ocrx_word' id='word_1_400' title='bbox 27 4047 44 4098; x_wconf 64' lang='lat' dir='ltr'><strong>rt</strong></span> <span class='ocrx_word' id='word_1_401' title='bbox 64 4040 206 4136; x_wconf 68' lang='lat' dir='ltr'><strong>elementis</strong></span> <span class='ocrx_word' id='word_1_402' title='bbox 226 4047 403 4138; x_wconf 70' lang='lat' dir='ltr'><strong>quaerentes,</strong></span> <span class='ocrx_word' id='word_1_403' title='bbox 424 4041 522 4101; x_wconf 90' lang='lat' dir='ltr'><strong>oculos</strong></span> <span class='ocrx_word' id='word_1_404' title='bbox 542 4048 572 4102; x_wconf 91' lang='lat' dir='ltr'><strong>et</strong></span> <span class='ocrx_word' id='word_1_405' title='bbox 591 4057 728 4110; x_wconf 71' lang='lat' dir='ltr'><strong>mensa</strong></span> <span class='ocrx_word' id='word_1_406' title='bbox 768 4059 804 4101; x_wconf 88' lang='lat' dir='ltr'><strong>oo</strong></span> <span class='ocrx_word' id='word_1_407' title='bbox 823 4046 966 4115; x_wconf 73' lang='lat' dir='ltr'><strong>arenant,</strong></span> <span class='ocrx_word' id='word_1_408' title='bbox 985 4037 1077 4118; x_wconf 82' lang='lat' dir='ltr'><strong>magis</strong></span> <span class='ocrx_word' id='word_1_409' title='bbox 1097 4055 1152 4135; x_wconf 67' lang='lat' dir='ltr'><strong>nep</strong></span> 
     </span>
     <span class='ocr_line' id='line_1_47' title="bbox 27 4119 1148 4279; baseline -0.004 -19"><span class='ocrx_word' id='word_1_410' title='bbox 27 4119 427 4264; x_wconf 36' lang='lat' dir='ltr'><strong>omagium&amp;</strong></span> <span class='ocrx_word' id='word_1_411' title='bbox 445 4199 644 4279; x_wconf 67' lang='lat' dir='ltr'><strong>beneficarum.</strong></span> <span class='ocrx_word' id='word_1_412' title='bbox 674 4197 799 4261; x_wconf 80' lang='lat' dir='ltr'><strong>Ver-tunt</strong></span> <span class='ocrx_word' id='word_1_413' title='bbox 816 4199 874 4272; x_wconf 86' lang='lat' dir='ltr'><strong>alii,</strong></span> <span class='ocrx_word' id='word_1_414' title='bbox 894 4197 1025 4258; x_wconf 86' lang='lat' dir='ltr'><strong>Coronas</strong></span> <span class='ocrx_word' id='word_1_415' title='bbox 1039 4213 1148 4258; x_wconf 87' lang='lat' dir='ltr'><strong>anuum</strong></span> 
     </span>
     <span class='ocr_line' id='line_1_48' title="bbox 27 4277 1149 4362; baseline -0.001 -25"><span class='ocrx_word' id='word_1_416' title='bbox 27 4278 213 4340; x_wconf 72' lang='lat' dir='ltr'><strong>seneticentiae</strong></span> <span class='ocrx_word' id='word_1_417' title='bbox 231 4285 312 4340; x_wconf 82' lang='lat' dir='ltr'><strong>tuae:</strong></span> <span class='ocrx_word' id='word_1_418' title='bbox 337 4281 419 4362; x_wconf 82' lang='lat' dir='ltr'><strong>quasi</strong></span> <span class='ocrx_word' id='word_1_419' title='bbox 439 4278 546 4340; x_wconf 83' lang='lat' dir='ltr'><strong>diceret</strong></span> <span class='ocrx_word' id='word_1_420' title='bbox 565 4278 674 4352; x_wconf 80' lang='lat' dir='ltr'><strong>David,</strong></span> <span class='ocrx_word' id='word_1_421' title='bbox 699 4298 789 4340; x_wconf 89' lang='lat' dir='ltr'><strong>annos</strong></span> <span class='ocrx_word' id='word_1_422' title='bbox 808 4277 914 4340; x_wconf 79' lang='lat' dir='ltr'><strong>fertiles</strong></span> <span class='ocrx_word' id='word_1_423' title='bbox 934 4277 1073 4338; x_wconf 79' lang='lat' dir='ltr'><strong>excedere</strong></span> <span class='ocrx_word' id='word_1_424' title='bbox 1094 4278 1149 4336; x_wconf 82' lang='lat' dir='ltr'><strong>eire-</strong></span> 
     </span>
     <span class='ocr_line' id='line_1_49' title="bbox 27 4355 1150 4438; baseline -0.002 -21"><span class='ocrx_word' id='word_1_425' title='bbox 27 4359 104 4434; x_wconf 83' lang='lat' dir='ltr'><strong>;uiari</strong></span> <span class='ocrx_word' id='word_1_426' title='bbox 123 4359 231 4435; x_wconf 72' lang='lat' dir='ltr'><strong>dwore,</strong></span> <span class='ocrx_word' id='word_1_427' title='bbox 250 4361 308 4421; x_wconf 86' lang='lat' dir='ltr'><strong>acri</strong></span> <span class='ocrx_word' id='word_1_428' title='bbox 327 4381 377 4421; x_wconf 88' lang='lat' dir='ltr'><strong>eos</strong></span> <span class='ocrx_word' id='word_1_429' title='bbox 397 4377 504 4420; x_wconf 87' lang='lat' dir='ltr'><strong>corona</strong></span> <span class='ocrx_word' id='word_1_430' title='bbox 524 4367 638 4419; x_wconf 89' lang='lat' dir='ltr'><strong>ornaret</strong></span> <span class='ocrx_word' id='word_1_431' title='bbox 653 4357 746 4419; x_wconf 86' lang='lat' dir='ltr'><strong>Deus:</strong></span> <span class='ocrx_word' id='word_1_432' title='bbox 767 4357 1009 4438; x_wconf 75' lang='lat' dir='ltr'><strong>quemadmodum</strong></span> <span class='ocrx_word' id='word_1_433' title='bbox 1023 4355 1150 4416; x_wconf 84' lang='lat' dir='ltr'><strong>siabuu-</strong></span> 
     </span>
     <span class='ocr_line' id='line_1_50' title="bbox 27 4437 1148 4582; baseline -0.004 -82"><span class='ocrx_word' id='word_1_434' title='bbox 27 4440 124 4504; x_wconf 86' lang='lat' dir='ltr'><strong>lautior</strong></span> <span class='ocrx_word' id='word_1_435' title='bbox 147 4439 231 4502; x_wconf 82' lang='lat' dir='ltr'><strong>solito</strong></span> <span class='ocrx_word' id='word_1_436' title='bbox 255 4441 293 4502; x_wconf 89' lang='lat' dir='ltr'><strong>eit</strong></span> <span class='ocrx_word' id='word_1_437' title='bbox 312 4441 427 4516; x_wconf 85' lang='lat' dir='ltr'><strong>messis,</strong></span> <span class='ocrx_word' id='word_1_438' title='bbox 451 4447 482 4501; x_wconf 90' lang='lat' dir='ltr'><strong>et</strong></span> <span class='ocrx_word' id='word_1_439' title='bbox 501 4441 634 4521; x_wconf 88' lang='lat' dir='ltr'><strong>copiosae</strong></span> <span class='ocrx_word' id='word_1_440' title='bbox 653 4439 839 4582; x_wconf 54' lang='lat' dir='ltr'><strong>vindemiffi,⁶</strong></span> <span class='ocrx_word' id='word_1_441' title='bbox 853 4438 923 4500; x_wconf 85' lang='lat' dir='ltr'><strong>haee</strong></span> <span class='ocrx_word' id='word_1_442' title='bbox 942 4437 996 4499; x_wconf 87' lang='lat' dir='ltr'><strong>erit</strong></span> <span class='ocrx_word' id='word_1_443' title='bbox 1015 4438 1082 4498; x_wconf 88' lang='lat' dir='ltr'><strong>anni</strong></span> <span class='ocrx_word' id='word_1_444' title='bbox 1101 4455 1148 4497; x_wconf 89' lang='lat' dir='ltr'><strong>co·</strong></span> 
     </span>
    </p>
   </div>
   <div class='ocr_carea' id='block_1_8' title="bbox 0 0 1368 4888">
    <p class='ocr_par' dir='ltr' id='par_1_10' title="bbox 0 0 1368 4888">
     <span class='ocr_line' id='line_1_51' title="bbox 0 0 1368 4888; baseline 0 0"><span class='ocrx_word' id='word_1_445' title='bbox 0 0 1368 4888; x_wconf 95' lang='lat' dir='ltr'><strong> </strong></span> 
     </span>
    </p>
   </div>
  </div>
 </body>
</html>
