2748 4890
174 285 270 380 13544
316 377 326 386 ,
638 317 941 360 tetmarus,

215 454 291 522 nala.
332 445 442 506 Interea
468 449 564 502 tomen
588 441 734 500 sciendum
754 445 806 512 est,
831 460 890 500 non
910 439 1061 522 probatum
1080 439 1170 500 luisse
1188 439 1243 501 lleo
1259 447 1311 522 quie

217 527 286 608 qnid
307 525 353 590 hie
372 523 504 584 laudator
522 524 551 582 in
562 519 727 580 Solomone.
759 521 857 600 Atque
877 527 910 580 nt
921 519 957 581 dc
976 521 1037 582 aliis
1051 528 1172 595 taceam,
1190 519 1246 580 Deo
1261 531 1313 584 certe

217 608 315 666 statim
336 604 371 663 alr
391 604 472 663 initio
492 599 635 682 displicuit
653 601 826 682 polygamia.
866 599 958 679 Atqui
977 601 1051 659 inter
1069 599 1265 662 benedictiones
1278 601 1313 664 lla'

238 691 364 746 oountur
384 681 567 754 concubinae,
588 699 681 758 neque
702 681 777 738 enim
797 679 914 740 dubium
939 686 984 740 est
1008 680 1077 759 quin
1102 683 1314 760 pertimescitis
1336 671 1337 766 l

217 707 363 845 Propheta
384 759 523 841 significet
542 777 647 820 uxores
667 777 790 838 quarum
813 757 880 818 aldai
904 757 937 818 lit
962 759 1079 818 mentio.
1120 757 1250 838 Quamvis
1264 765 1312 822 urin

176 865 179 876 ·
217 863 361 904 srrnrmum
386 840 505 922 gradmn
529 845 639 898 teneret
662 859 737 898 uxor
762 838 919 919 Aegyptia,
954 839 1023 898 alias
1052 846 1149 898 tamen
1176 857 1240 918 ques
1262 859 1314 900 sam

218 923 336 984 historia
355 923 385 980 in
405 919 497 980 medio
518 917 716 998 ordinepooit‚
737 915 888 978 liberaliter
907 917 1105 978 ethonorifice
1120 923 1244 978 tnctotas
1258 918 1315 978 loise

218 1007 443 1144 tttttt‘tffl
462 995 1029 1154 ¹⁶⁰ioe⁶lihi⁹tlhl⁰⁶⁰doimllii’
1046 997 1135 1136 llil
1154 997 1254 1137 ‘tim'

211 1171 306 1244 'qnam
325 1101 406 1220 Deba
427 1097 594 1238 ipsprivffis
615 1155 757 1230 omnibns,
776 1157 946 1216 nominatim
966 1097 1094 1216 verolgih
1162 1096 1314 1237 lbffiffl

218 1243 276 1316 bot,
297 1243 326 1300 in
346 1238 509 1300 Solomonis
530 1233 661 1298 laudibus
685 1243 814 1296 recenset
833 1235 996 1316 Propheta?
1015 1233 1105 1299 Certe
1119 1175 1314 1316 &ligaremur

220 1329 302 1403 ptum
327 1327 380 1393 est,
405 1317 475 1378 dnm
494 1317 606 1396 vulgari
630 1334 711 1374 more
742 1315 921 1376 celebrantur
945 1316 1019 1396 regis
1044 1315 1191 1396 opolentia
1209 1321 1235 1375 et
1250 1315 1315 1395 doda

219 1421 278 1462 non
299 1397 412 1476 probari
432 1397 565 1458 abosum:
586 1396 654 1474 qnia
674 1393 835 1475 Prophetae
855 1395 1004 1455 consilium
1024 1415 1086 1455 non
1106 1393 1169 1470 tuit,
1193 1395 1315 1474 exemploru

220 1480 343 1542 hominis
363 1479 392 1536 in
412 1483 555 1537 certarnen
576 1493 643 1534 oum
663 1471 718 1534 Dei
738 1475 836 1556 regula
857 1475 1042 1534 committere
1083 1473 1152 1534 Fuit
1175 1474 1273 1553 quiden
1286 1493 1316 1553 pc

220 1559 318 1632 tentia,
338 1557 457 1639 dignitas
482 1562 511 1615 et
530 1553 664 1634 splendor
684 1551 864 1628 Solomonis,
888 1573 946 1614 non
966 1553 1094 1633 vulgaris
1114 1552 1170 1614 Dei
1190 1553 1315 1614 nomm

221 1639 271 1699 sed
297 1656 384 1717 quarn
409 1638 470 1716 ipsa
492 1634 539 1712 (ut
558 1631 620 1692 fieri
645 1633 731 1710 solet)
757 1633 854 1698 multis
879 1631 1047 1712 corruptelle
1073 1635 1195 1706 vitiavit,
1216 1633 1271 1692 dun
1284 1631 1315 1690 s'li

221 1739 280 1780 non
306 1718 373 1778 satis
393 1721 545 1794 temperat,
570 1712 620 1772 sed
639 1710 682 1773 lar
700 1715 760 1772 iore
785 1714 867 1794 eopia
887 1713 925 1772 ad
950 1714 1041 1772 carnis
1060 1731 1132 1774 ansa
1151 1713 1274 1773 licentiam
1287 1711 1315 1768 rt

222 1799 318 1864 utitur,
359 1793 391 1854 ln
412 1811 532 1868 summa,
553 1811 640 1872 quana
665 1734 816 1852 liberaliter
835 1791 916 1853 Deus
941 1811 1038 1852 rerum
1062 1793 1193 1854 omniurn
1214 1791 1314 1852 abondn·

222 1879 291 1938 tiam
310 1877 339 1934 in
360 1873 547 1934 Solomonem
566 1870 708 1945 effuderit,
734 1870 780 1931 hic
806 1878 945 1932 narratur.
987 1870 1076 1950 Quod
1103 1879 1199 1932 antem
1220 1871 1263 1932 sibi
1276 1889 1314 1928 cu

155 1961 164 1980 ⁴
222 1957 349 2099 pmuautt
368 1954 472 2049 mullas
491 1971 617 2090 ursdorupa,l
633 1969 687 2012 nec
706 1950 845 2031 frugalem
863 1951 981 2012 modurn
1001 1953 1031 2010 in
1050 1950 1205 2033 splendore
1221 1951 1313 2018 adhibuit

244 2055 329 2100 oc-,es
383 2053 444 2092 nass
463 2051 523 2091 acor
543 2049 578 2090 an
619 2050 643 2092 e.

302 2119 349 2176 11.
362 2054 454 2172 tbladi
463 2113 547 2190 filio.
587 2108 635 2169 De
654 2129 745 2170 uxore
765 2109 952 2192 Aegyptiace,
973 2121 1060 2192 quam
1081 2131 1178 2194 nuper
1196 2111 1312 2170 diritate

108 2213 113 2225 ¹
224 2194 261 2254 ad
282 2193 414 2254 dextrum
434 2191 508 2250 latus
534 2190 618 2268 regis,
642 2209 801 2250 sermonem
826 2191 922 2250 haberi
946 2212 1005 2252 non
1029 2191 1142 2254 dubito.
1181 2189 1235 2250 Etsi
1255 2197 1312 2248 autea

224 2273 373 2333 Salomoni
393 2271 579 2348 alienigenam
599 2269 702 2328 ducere
721 2289 842 2330 uxorem
861 2269 904 2331 lus
923 2291 981 2332 non
997 2270 1058 2346 tuit,
1079 2273 1270 2332 meritotameu
1282 2267 1314 2324 tc

225 2357 534 2434 quoquenumeratur
553 2350 626 2408 inter
645 2347 702 2409 Dei
722 2349 811 2423 dona,
837 2349 916 2430 qnod
935 2369 953 2410 a
972 2351 1247 2490 rbgipepotentissimo
1262 2365 1313 2428 qnae

225 2435 279 2492 sita
304 2431 389 2490 luerit
414 2429 488 2488 illios
513 2427 643 2488 affinitas.
684 2427 743 2488 lam
769 2448 839 2490 vero
863 2431 931 2509 quia
955 2448 993 2504 ex
1054 2432 1098 2510 gis
1124 2424 1315 2512 praesciptolo·

170 2580 175 2596 Ι
225 2511 311 2570 dacos
332 2510 460 2590 oportuit
480 2507 546 2567 dare
566 2525 693 2587 operam,
718 2513 752 2568 ut
775 2527 881 2569 uxores
907 2515 973 2568 ente
998 2529 1183 2590 congressum
1205 2503 1313 2567 aeneiae

151 2594 154 2598 ’
224 2597 289 2650 rent
309 2587 343 2650 ad
365 2607 469 2668 purum
489 2585 600 2652 cultum
617 2586 682 2662 Dei,
702 2594 731 2647 et
750 2589 995 2668 superstitionibus
1015 2595 1163 2662 exuerent,
1183 2587 1280 2670 puellum
1293 2601 1313 2639 n

225 2669 344 2751 profana
365 2673 448 2748 gente
468 2673 573 2740 natam,
594 2683 666 2747 quae
687 2683 738 2747 per
756 2685 866 2728 norum
891 2670 1053 2748 coniugium
1078 2671 1163 2729 insita
1178 2675 1235 2728 erat
1249 2667 1271 2725 in
1284 2659 1313 2719 la·

226 2749 328 2810 etesiae
352 2765 471 2826 corpus,
496 2744 641 2827 Propheta
667 2764 684 2808 a
709 2765 798 2826 prava
821 2747 988 2808 educatione
1007 2767 1158 2823 revocans,
1180 2747 1248 2808 iubet
1261 2743 1314 2821 dape

226 2831 280 2890 sita
300 2829 436 2888 memoria
455 2827 565 2908 patriae
584 2833 614 2886 st
633 2834 769 2907 patentes
789 2825 901 2904 domus,
925 2827 1044 2888 induere
1067 2829 1148 2888 aliod
1171 2825 1314 2908 iugulant

226 2909 297 2968 alios
323 2915 427 2966 mores.
467 2905 584 2985 Alioqui
609 2909 686 2967 enirn
710 2903 869 2987 pericnlum
894 2915 955 2968 erat
979 2928 1036 2967 non
1061 2909 1151 2968 modo
1175 2927 1209 2967 oe
1224 2901 1313 2986 parson

225 2989 337 3048 foveret
356 2987 474 3045 vitiosos
493 2985 597 3060 cultus,
617 2985 720 3065 quibos
740 2993 912 3062 assueverat,
932 2986 982 3046 sed
1000 2990 1088 3048 etiam
1113 2985 1268 3068 ne·publice
1283 2995 1313 3036 ot

227 3066 362 3148 exemplo
388 3065 495 3126 multos
519 3065 550 3124 in
575 3068 740 3126 sodetatem
764 3067 889 3126 criminis
912 3065 1052 3129 traheret:
1078 3065 1159 3148 qnod
1178 3071 1260 3146 postea
1274 3075 1313 3117 rot·

228 3149 252 3208 ti
272 3145 400 3207 intruso
419 3144 474 3204 luit
493 3143 699 3224 exhortationis
718 3146 800 3218 ratio,
824 3147 854 3206 in
875 3164 932 3226 qua
951 3151 984 3206 nt
1006 3149 1201 3208 auctontatern
1217 3143 1259 3202 sibi
1273 3155 1311 3197 ron·

229 3168 312 3296 cibet,
323 3216 415 3306 filice
434 3223 552 3282 nomine
568 3225 672 3306 utitor,
696 3221 774 3306 qnod
793 3225 823 3284 ln
842 3243 965 3306 persona
984 3226 1133 3286 cuiuslibet
1152 3223 1243 3307 privati
1258 3215 1313 3275 boni·

227 3308 271 3366 nis
296 3304 396 3362 hrisset
420 3303 557 3383 ineptum.
597 3303 657 3363 lam
683 3325 741 3384 quo
768 3305 868 3364 melius
888 3311 986 3388 pateat
1010 3309 1109 3386 quanti
1129 3305 1231 3366 intersit
1246 3312 1313 3358 nono

228 3389 485 3522 nuptpdrprpropsus
505 3384 651 3520 rpnovarh
677 3384 863 3523 adeptionem
908 3384 1134 3525 loribnrsoevplribis
1152 3385 1241 3522 suffit,
1255 3373 1314 3515 ff:

229 3485 311 3524 coli&
364 3485 393 3536 a,
413 3485 427 3522 θ
467 3483 579 3522 tucceta
602 3485 705 3524 (llll'em
744 3485 822 3523 idam.
891 3483 937 3523 am
961 3483 994 3526 08
1094 3485 1111 3525 0
1135 3483 1169 3524 VC
1227 3479 1254 3519 Oli
1305 3497 1306 3500 ¹

114 3621 117 3629 ἢ
230 3541 343 3604 acribus
362 3540 482 3611 stimulis
502 3561 576 3622 opus
595 3549 649 3616 est,
668 3542 717 3602 nbi
737 3543 773 3602 de
792 3543 978 3624 abnegatione
996 3563 1097 3606 eornm
1118 3537 1312 3614 contumacior·

231 3640 304 3703 quae
324 3628 426 3684 natura
451 3621 501 3681 vel
522 3621 727 3682 consuetudine
750 3623 833 3682 nobis
857 3625 980 3704 placent.
1020 3623 1164 3685 Admonet
1185 3626 1262 3680 annm
1279 3628 1313 3670 ¹1⁰n

230 3719 293 3763 esse
313 3719 365 3760 cur
384 3701 443 3760 filia
461 3699 619 3762 Pharaonis
639 3721 722 3782 aegra
741 3709 861 3783 patrem,
881 3710 1026 3783 θυραίου,
1045 3700 1312 3784 uumquenegptn

231 3782 355 3842 deserat:
375 3779 442 3861 quia
456 3780 499 3840 ad
518 3779 671 3841 sedandam
691 3781 833 3841 abscedas
853 3783 996 3844 tristitiem
1010 3784 1151 3865 praeclara
1170 3775 1312 3857 tronrpranl⁰

232 3865 372 3921 occurrat.
414 3859 588 3922 Contentum
606 3863 682 3921 enim
703 3861 753 3921 tali
772 3862 874 3922 marito
894 3881 956 3923 essa
975 3863 1068 3936 iubet,
1087 3869 1119 3922 ut
1138 3861 1219 3944 patria
1232 3853 1311 3914 libenti

232 3945 336 4037 capeat.
376 3937 635 4038 Redeamusunnnc
654 3940 690 4000 ad
711 3939 869 4017 Christum,
888 3961 923 4001 ac
943 3945 1035 4021 primo
1049 3941 1250 4032 meminationes,
1264 3921 1310 4008 qual

233 4019 384 4158 libili
403 4018 960 4181 tatamatttttttptttt
984 4013 1312 4176 lttdtntttttti

169 4185 172 4192 ’
234 4177 320 4238 rebus
340 4177 470 4238 umens.
497 4175 543 4264 'st
562 4183 692 4241 tenemus
703 4177 777 4239 hane
792 4179 928 4260 loquendi
946 4183 1086 4242 rationem
1105 4198 1175 4261 quac
1238 4169 1311 4230 'mult

207 4284 210 4292 =
235 4263 280 4317 est
303 4257 333 4315 io
358 4255 520 4336 scripturis,
544 4265 604 4317 non
633 4256 797 4319 mirabimur
820 4261 901 4340 'quod
926 4259 1071 4344 Propheta
1096 4261 1130 4322 de
1151 4193 1245 4340 pabtbb
1261 4243 1310 4303 aar·

235 4336 306 4408 nois,
325 4353 406 4409 auro,
425 4337 543 4430 penninis
563 4343 593 4396 et
612 4338 785 4398 aromatibus
806 4340 960 4419 praedicat
979 4341 1118 4422 significat
1129 4341 1197 4400 enim
1214 4327 1269 4391 ldici
1281 4321 1310 4378 bt

220 4427 491 4488 *noeumomnrum
508 4415 655 4476 affluentia
674 4416 808 4478 mlmtrun
828 4417 897 4480 lore.
940 4417 1113 4502 Quanquam
1121 4427 1207 4480 auten
1217 4411 1310 4472 tonorum
