2804 4890
505 233 549 276 tu
577 235 739 278 Putabat,
767 235 853 288 ΧΧΙΧ,

1143 250 1144 264 ’
1170 239 1226 297 21⁵

78 360 173 424 veae
192 359 353 442 roomo
369 365 443 420 aa
462 317 634 438 mauros
645 356 812 439 neruum
827 357 971 423 mrum
989 358 1116 442 toruo,

77 439 228 538 diffundat
244 439 280 535 iu·
294 428 408 534 ultimas
428 449 519 576 nsque
538 437 650 534 plagas:
670 438 730 533 eius
742 443 846 498 tarum
866 438 994 535 glprp‘aur,
1006 440 1036 500 iu
1055 379 1225 538 801οὲἰοῖ
1327 443 1328 452 ’

75 541 125 582 ssa
146 519 281 582 celebnn
307 517 375 580 drcrt
393 515 472 598 Prop
493 524 553 580 eta:
579 537 646 598 qura
666 518 773 578 scrhcet
793 515 874 581 Deus
892 517 952 581 rllre
971 539 1030 580 uon
1049 519 1142 590 medo,
1157 527 1223 585 artr-

75 601 178 662 culute
195 599 335 680 loquitur,
355 598 406 660 sed
425 595 527 658 blande
545 596 744 666 etiamtideics
759 597 796 658 ad
811 599 967 672 reinvitat.
993 597 1128 660 Terrifica
1147 601 1223 676 euirp
1334 667 1338 678 ,

76 673 144 740 eins
164 697 239 756 vox,
268 691 343 758 quae
362 679 448 738 variis
471 677 565 738 modis
589 681 619 741 iu
642 685 710 740 atre
733 683 828 751 tonat,
857 679 899 742 sic
918 677 1049 738 verberat
1072 678 1223 745 bominum

74 779 182 834 auree,
201 765 230 818 et
250 751 337 818 dorda
356 757 465 838 pulsat,
485 763 518 816 ut
536 764 634 817 tamen
655 756 785 817 recedere
806 777 892 838 quam
912 760 1143 840 appropinquare
1163 779 1222 820 ma·

71 840 144 900 lint.
176 837 288 898 Omitto
313 835 391 917 quod
415 835 490 896 bona
515 855 580 916 pars
605 835 697 896 surdis
717 835 832 896 auribus
852 838 979 896 sonitum
1000 839 1078 897 vocis
1099 836 1222 898 Divinae

72 919 108 978 iu
130 917 279 999 pmoetlu,
303 913 455 990 imbribus,
481 917 603 990 tonitru,
628 923 658 976 et
681 913 847 976 fulminibus
872 916 1014 998 praeterit.
1056 913 1133 996 Quia
1153 937 1222 998 ergo

71 1017 196 1136 ¹²⁰3..².⁰
216 993 481 1136 peqqurlqticiqut
499 993 629 1146 bopppipes
647 997 686 1144 inq
698 997 747 1142 Ill:
766 989 1043 1144 rppivirslplidschqpq
1063 997 1142 1135 pipo
1156 995 1222 1134 qu
1251 1051 1259 1066 ,

237 1097 245 1134 τ
318 1095 335 1134 e
385 1093 401 1134 a
504 1094 547 1133 eor

73 1095 431 1235 ⁸ciusmclrnuerdtmutpotd¹
469 1077 1222 1294 ‘silfamililrlitoreedoelic'lglatcrlraebiusurdbe,elluini

73 1257 108 1298 se
129 1235 268 1298 addicant
286 1236 317 1296 iu
335 1235 397 1298 eius
465 1239 527 1294 taur
546 1241 576 1294 et
595 1241 771 1296 consecrent.
840 1253 905 1297 emo
930 1235 1007 1296 enim
1026 1236 1080 1304 rite
1100 1235 1225 1316 gloriam

73 1315 138 1378 Dei
162 1315 324 1397 praedicat,
346 1315 400 1374 uisi
422 1314 475 1395 qui
494 1313 672 1375 voluntarius
697 1323 742 1376 est
760 1315 821 1376 eius
841 1315 943 1377 cultor.
983 1317 1028 1376 Aa
1047 1321 1145 1398 posset
1164 1314 1222 1376 boe

75 1397 108 1456 iu
129 1396 252 1456 modum
273 1394 466 1476 querimoniae
484 1393 584 1474 accipi,
610 1401 641 1455 ut
660 1391 756 1455 David
776 1401 890 1456 accuset
910 1395 997 1455 totius
1017 1391 1116 1454 muudi
1137 1395 1219 1456 silen-

75 1479 168 1536 tium:
193 1477 261 1555 quia
287 1493 376 1554 quam
400 1472 507 1553 ubique
526 1491 586 1534 vox
610 1475 671 1536 eins
711 1482 839 1550 ersouet,
859 1493 1000 1556 nusquam
1021 1474 1219 1555 praedicentur

78 1558 143 1616 eina
161 1554 264 1614 laudes
283 1555 337 1614 nisi
356 1556 386 1614 iu
410 1555 496 1614 unico
521 1554 637 1650 templo.
705 1555 805 1615 idetur'
824 1559 922 1614 tamen
948 1555 1059 1635 piorum
1084 1554 1218 1636 exemplo

75 1642 175 1696 totum
195 1633 353 1715 humanum
365 1651 464 1712 ,genus
484 1631 592 1694 herten
612 1633 648 1706 ad
669 1634 869 1708 celebrandum
889 1633 946 1694 Dei
964 1654 1078 1710 nomeu,
1104 1640 1132 1695 et
1152 1653 1218 1702 cou·,

74 1716 157 1776 sulto
177 1714 317 1794 ternplum
342 1720 466 1774 statuere
491 1697 573 1792 quasi
597 1713 767 1773 auditorium
793 1714 899 1794 gloriae
920 1711 987 1772 Dei:
1015 1721 1047 1774 ut
1072 1711 1218 1789 seirannus,
1303 1709 1309 1728 ‘
1350 1772 1356 1785 ,

74 1795 116 1856 ad
136 1793 236 1856 Deum
261 1811 330 1888 vere
353 1792 583 1888 cogupae‘endunr
607 1801 638 1854 et
660 1793 849 1889 laodomam,
878 1793 934 1856 alia
955 1812 1025 1889 vqce
1048 1813 1122 1874 opus
1146 1811 1217 1889 qssp,

78 1871 1218 2032 tutrttttii,ultttdrtttlttt,toettt'tltriitttt

67 1973 206 2174 'Edonum’
225 2031 378 2114 praebens,
408 2017 445 2092 ⁸nd
469 2043 500 2092 sa
527 2015 628 2100 blande
657 1995 777 2093 alliciat’:
807 1974 883 2092 mill
908 2029 1215 2112 semper·'idcebimus.

101 2114 150 2174 ola
170 2119 214 2174 est
232 2115 320 2208 igitur
338 2112 437 2172 salutis
456 2111 584 2186 doctriua
604 2115 759 2192 qnae'eins
782 2113 920 2193 qratiam,
945 2119 1094 2192 taurian
1113 2110 1218 2178 uolua·

75 2200 171 2254 tatem
189 2192 272 2254 nobrs
292 2193 367 2252 clare
388 2192 568 2272 patefaciens,
588 2193 674 2252 corda
694 2199 791 2252 nostra
811 2192 975 2264 mortariis
990 2193 1097 2272 oraque
1117 2196 1217 2251 nostra
1321 2231 1327 2246 ,

75 2273 176 2354 aperit
192 2271 233 2337 nd
252 2271 391 2340 meatim
411 2273 471 2366 eins
490 2271 596 2344 laudes.
628 2271 726 2352 ltaque
744 2271 812 2368 lpiup
831 2273 892 2335 eius
911 2271 1048 2352 laudandi
1067 2271 1140 2333 ratio
1160 2269 1215 2330 dis·

74 2351 171 2416 cende
190 2345 248 2413 esi:
278 2359 404 2412 atcerte
423 2351 560 2426 videmus,
580 2351 828 2414 nrdlnmtuucrn
847 2357 911 2414 toto
931 2351 1009 2426 orbe,
1029 2371 1099 2414 aare
1169 2347 1215 2412 lus

73 2433 161 2508 daea,
179 2433 267 2497 luisse
288 2431 397 2512 pietatis
416 2431 528 2494 lumen:
547 2433 606 2507 iuro
627 2429 794 2513 Philosophi
814 2433 865 2514 qui
882 2433 1018 2500 visisunt
1036 2431 1072 2496 ad
1119 2431 1146 2492 ei
1164 2449 1217 2494 nn·
1328 2431 1333 2440 ’

76 2515 176 2576 titiam
223 2511 320 2592 rapies
344 2503 488 2586 accedere,
512 2509 583 2586 nibil
607 2533 723 2592 prorsus
742 2513 866 2574 allerunt
884 2511 962 2592 quud
982 2531 1048 2572 eum
1068 2529 1135 2576 vere
1153 2510 1215 2590 glo·
1240 2568 1243 2576 ,

72 2591 178 2658 riticet
198 2533 344 2672 Buicquid
363 2593 440 2652 enim
459 2591 497 2652 de
513 2591 650 2672 religione
669 2591 819 2666 disserunt,
838 2613 898 2654 uon
912 2591 999 2658 modo
1014 2590 1147 2672 frigidum
1161 2594 1216 2663 est.

71 2671 126 2734 aed
146 2671 208 2734 fere
227 2671 387 2753 insipidum.
416 2669 495 2754 Ergo
514 2672 545 2732 in
564 2672 626 2732 solo
646 2673 707 2734 eius
728 2671 817 2744 verbo
834 2671 914 2735 lueet
933 2672 1049 2747 ueritas,
1067 2689 1142 2752 quaa
1156 2685 1216 2740 nen

71 2751 111 2814 ad
129 2752 268 2833 pietatem
283 2751 416 2814 adducat.
1237 2786 1239 2795 ·

157 2835 205 2894 10.
233 2833 347 2894 Iebeua
365 2835 474 2894 diluuio
488 2832 648 2914 praesidet.
687 2827 814 2908 Quidam
833 2825 976 2898 Davidem
1001 2827 1038 2890 ad
1058 2829 1136 2896 illum
1155 2845 1214 2896 uteb

72 2911 245 2974 motabilem
264 2909 320 2982 liei
340 2912 494 2974 vindictam
513 2911 639 2972 alludere
655 2916 770 2992 putant,
789 2927 880 2990 qaum
899 2909 988 2973 semel
1007 2907 1106 2976 orbem
1124 2913 1213 2968 terra·

73 3013 142 3054 rum
163 2989 329 3053 submersit:
350 2994 489 3072 qui-tunc
507 2998 642 3055 testatum
662 2989 730 3052 iecit
750 2989 881 3053 omnibus
902 2989 1002 3054 seculis
1017 3007 1049 3048 se
1064 2986 1213 3048 bominum

73 3092 140 3134 esse
161 3071 294 3138 iudicem.
319 3070 431 3148 Quibus
450 3073 503 3132 etsi
523 3093 560 3132 ex
580 3078 661 3153 parte
679 3071 827 3142 assentior,
847 3069 1014 3152 seutentiam
1035 3074 1129 3128 tamen
1150 3065 1213 3126 lou·

73 3153 141 3234 gius
161 3149 295 3215 exiendo.
316 3151 393 3212 ldem
412 3153 498 3226 eninr,
517 3171 582 3212 mco
601 3152 716 3224 indicio,
734 3156 934 3231 argumentum
954 3147 1136 3228 prosequitur
1154 3143 1213 3206 Da·

74 3233 136 3306 vid,
156 3230 323 3308 aqunens,
342 3233 417 3311 ipsas
478 3251 554 3311 oque
572 3231 770 3300 inundationes
791 3249 865 3312 qnae
884 3237 977 3290 terrae
995 3227 1142 3289 interilum
1160 3225 1214 3292 rni-

75 3318 193 3385 nautor,
213 3309 254 3386 sie
273 3311 425 3392 temperari
437 3253 500 3370 1liei
521 3311 706 3392 providentia,
727 3318 760 3370 ut
778 3311 786 3370 i
809 3329 871 3370 sum
892 3305 1081 3390 gubernacula
1102 3323 1215 3386 semper

75 3399 177 3454 tenere
197 3397 341 3472 appareat.
369 3388 446 3470 Ergo
465 3392 539 3452 inter
558 3390 613 3450 ulia
632 3393 776 3470 potentiae
825 3392 851 3452 ei
871 3389 1039 3453 documenta
1060 3385 1116 3448 hoe
1136 3405 1214 3446 eom·

75 3477 220 3534 meruerat
241 3469 346 3542 ltavid,
369 3473 455 3531 etiam
476 3491 565 3550 quum
584 3471 710 3542 maxima
729 3471 802 3531 aeris
821 3469 988 3552 intemperie
1007 3465 1139 3533 videntur
1157 3466 1213 3526 ele·

76 3557 175 3614 mento
195 3551 280 3612 simul
299 3551 373 3610 iuter
392 3569 423 3610 se
443 3549 766 3622 maenomenon,
786 3547 883 3620 Deum
909 3557 1005 3612 tamen
1030 3566 1047 3606 e
1066 3546 1139 3612 solio
1159 3565 1213 3606 suo

76 3632 195 3692 coelesti
212 3649 311 3710 regere
330 3649 365 3692 ac
383 3630 524 3692 moderari
543 3630 611 3690 istas
629 3629 852 3710 pertubationcs.
873 3629 940 3693 ldeo
960 3627 1105 3709 exegetioo
1124 3625 1213 3702 addit,

76 3709 175 3772 Deum
195 3715 335 3790 perpetuo
354 3709 452 3770 sedere
470 3707 588 3790 Regem.
1218 3754 1225 3789 .·

157 3795 206 3852 11.
231 3793 343 3850 Ioboou
361 3791 452 3856 robur
466 3792 579 3871 populu
598 3811 654 3853 aue
673 3789 763 3850 datu.
793 3787 877 3850 Redit
897 3787 932 3848 ad
953 3787 1129 3870 superiorem
1150 3805 1213 3846 nen-

75 3871 205 3944 tentiam,
230 3865 328 3930 Deum
348 3869 465 3942 roura,
478 3870 619 3948 ‚quamue
639 3871 799 3951 promiscue
818 3869 951 3934 virtutem
971 3887 1053 3930 suun
1072 3865 1212 3950 visibilem

75 3947 210 4013 exhibeat
232 3949 288 4008 toti
311 3949 429 4021 mundo,
453 3949 588 4028 peculiari
611 3955 708 4010 lamen
731 3947 818 4018 modo
844 3967 909 4028 erga
930 3947 1050 4010 electum
1071 3945 1211 4028 populum

76 4047 224 4090 exserere:
244 4027 400 4110 imulouge
418 4029 500 4104 aliter
519 4047 606 4108 quam
627 4047 722 4109 supra,
743 4047 820 4092 nuuc
839 4048 907 4090 curu
927 4027 1067 4100 describit,
1087 4025 1137 4108 qui
1157 4025 1212 4084 sci·

73 4109 139 4170 licet
159 4129 220 4170 nou
236 4115 320 4170 metu
339 4116 369 4168 et
386 4109 536 4171 formidine
561 4115 723 4190 prosternet
747 4127 821 4189 quos
847 4107 1016 4186 alloquitur,
1040 4105 1089 4165 sed
1114 4104 1211 4184 potius

73 4194 226 4262 sustentet,
249 4184 345 4248 foveat
365 4209 400 4250 ac
419 4187 574 4250 coufirmat.
615 4185 738 4256 Roboris
758 4207 862 4246 nomen
882 4193 976 4246 totum
996 4191 1101 4244 statum
1120 4183 1211 4244 canti·

73 4277 132 4345 nel,
152 4271 253 4350 itaque
272 4269 407 4348 quicquid
428 4269 463 4328 ad
484 4267 617 4342 tuendam
637 4270 726 4330 vitam
746 4265 872 4329 fidelium
893 4267 1024 4346 pertinet,
1044 4283 1061 4322 a
1080 4261 1142 4322 solu
1155 4261 1213 4322 Dei

71 4350 165 4430 pratia
188 4345 315 4431 pendere
339 4348 488 4436 signifieat.
526 4347 558 4408 ld
575 4347 732 4438 amplificat
751 4345 941 4412 benedicendi
960 4343 1063 4406 verbo.x
1098 4339 1212 4404 Dicitur
