2854 4886
490 249 504 271 ·¹
610 239 898 285 [HUIUS

185 367 310 430 studium
330 366 385 428 rite
403 381 488 449 posse
506 363 641 434 animari,
660 364 751 426 donec
770 369 913 443 statuerit,
932 370 1052 431 miseros
1070 391 1133 435 esse
1151 393 1252 436 omnes
1271 377 1326 436 im.

184 450 259 532 pios,
285 451 314 508 et
333 444 434 506 ιιᾶιιι
453 441 604 524 implicitos
624 443 685 504 lore
704 445 792 505 exitio
811 466 861 586 qur
880 467 939 508 uon
956 451 1060 530 procul
1080 451 1116 512 ab
1135 473 1238 515 eorum
1256 474 1326 516 con.

186 529 276 590 sortia
295 524 483 586 discesserim
522 521 581 584 sed
602 525 669 605 quis
688 543 735 585 res
753 532 798 586 cst
836 528 843 584 i
878 529 953 602 orbs,
972 549 1012 590 un
1033 551 1077 592 ros
1096 533 1201 614 quibus
1220 537 1326 615 perm-

41 593 44 606 '
161 609 223 670 ·sti
242 625 341 668 sumus
360 608 400 666 ita
419 601 533 684 dogm,
558 609 590 664 ut
609 587 835 694 simos-podiam
854 607 889 666 ab
909 609 979 690 ipsis
1028 611 1098 688 eoi,
1121 609 1268 710 Propheta
1287 615 1327 676 ad

185 686 344 768 augendam
362 681 570 745 exhortationis
589 682 808 760 vehementiam
826 685 980 749 verborum
998 693 1133 773 congerie
1151 700 1251 755 utitor.
1279 693 1328 756 Ac

187 769 281 851 primo
301 764 416 846 quiden
436 761 582 824 ambulare
600 770 679 823 vetat
698 764 728 824 in
743 783 844 825 comm
859 768 990 830 consilio:
1011 769 1113 832 deinde
1127 779 1203 834 stare
1217 775 1248 835 in
1263 775 1326 836 via:

186 853 334 931 postrmam
353 845 384 908 io
403 841 537 904 cathedra
557 842 664 904 sedere
684 841 804 914 Summa
825 844 941 925 quidem
960 855 1014 924 est,
1033 849 1156 912 dandam
1174 871 1237 914 esse
1256 875 1276 916 o
1313 893 1325 904 -

188 947 251 988 ram
275 924 366 986 servis
385 921 443 983 Dei
466 928 501 984 ut
523 921 559 982 ab
585 921 700 984 illorum
723 923 851 985 moribus
875 927 906 986 in
930 933 1026 990 totum
1045 927 1226 994 abhorreant
1306 936 1326 998 d

192 1007 259 1088 qnia
279 1011 372 1064 astute
390 1021 456 1063 suas
475 1001 601 1064 fallacias
620 1003 745 1063 insinuat
764 1000 869 1078 Satan,
895 1025 932 1066 ne
956 1009 1019 1088 quis
1043 1009 1175 1071 incautius
1199 1013 1325 1082 labatur,

110 1115 114 1122 ·
188 1084 312 1146 ostendit
326 1081 471 1164 Propheta
485 1081 633 1162 quomodo
647 1084 784 1164 paulatim
799 1103 817 1143 a
831 1091 909 1150 roda
925 1088 972 1146 via
985 1087 1136 1152 amnone
1149 1092 1260 1154 soleam
1274 1081 1326 1156 bo'-

187 1166 289 1229 mines.
307 1161 408 1244 Neque
426 1161 502 1222 enim
522 1163 616 1244 primo
636 1165 732 1222 statim
748 1163 838 1246 grado
853 1165 889 1224 ad
905 1167 1060 1248 superbum
1076 1191 1169 1252 usqne
1182 1169 1240 1234 Dei
1258 1193 1326 1234 ooo-

187 1253 248 1306 tem
267 1249 330 1304 tum
374 1239 524 1302 moedunt:
550 1241 599 1302 sed
624 1251 778 1324 postquam
802 1253 957 1326 coeperunt
981 1249 1064 1309 malis
1081 1252 1207 1312 consiliis
1226 1271 1327 1314 aurem

188 1263 464 1466 tanti·
1088 1331 1325 1474 caat

452 1445 459 1460 .
1037 1429 1046 1467 s
1248 1433 1265 1472 e
1316 1447 1327 1460 ·

186 1482 285 1566 telligo
304 1483 472 1564 pravitatem
492 1499 566 1561 quae
584 1481 712 1544 nondum
737 1425 844 1564 palamp
859 1504 890 1546 se
909 1427 1025 1548 exierit
1096 1491 1177 1550 einde
1195 1487 1328 1554 nominat

188 1575 280 1638 mm,
304 1581 379 1642 qnae
404 1561 527 1622 sumitur
545 1581 598 1643 pro
618 1562 733 1658 vivendi
752 1564 862 1659 ratipne
882 1565 929 1626 vel
948 1567 1086 1629 instituto.
1126 1567 1224 1666 Tertio
1242 1573 1328 1668 ponit

192 1807 266 1878 lore,
286 1809 420 1864 insidere
437 1807 466 1860 et
484 1799 591 1861 sedere
616 1797 690 1860 Nam
710 1800 761 1862 ubi
779 1803 844 1882 quis
863 1809 967 1884 sponte
985 1813 1052 1886 post
1068 1825 1173 1889 pravas
1192 1811 1326 1892 concupi·

151 1949 155 1958 ,
193 1884 317 1946 mantiae
335 1881 450 1954 oravit,
462 1883 537 1940 ‘corn
555 1879 675 1942 inebriat
694 1881 830 1962 peccandi
849 1885 1038 1962 monento,
1057 1893 1091 1948 ot
1103 1889 1149 1948 sni
1161 1887 1277 1966 oblitos,
1296 1891 1330 1950 in

192 1963 300 2026 malitia
325 1959 507 2023 obdurescat:
537 1959 617 2040 qood
635 1958 781 2042 Propheta
799 1969 885 2022 vocat
904 1971 937 2026 te
955 1973 1005 2026 oto
1023 1973 1167 2028 mnam.
1200 1965 1330 2029 Tandem

209 2047 211 2054 Γ
264 2043 321 2103 ‘tar
338 2041 486 2122 desperata
505 2037 668 2114 obstinatio,
687 2059 775 2120 quam
795 2043 927 2102 sessionis
940 2044 1108 2126 metaphora
1142 2047 1259 2130 esignat.
1279 2047 1331 2108 An

191 2063 291 2188 Ἕω
310 2123 348 2182 sit
365 2120 492 2203 medalio
512 2120 543 2182 io
561 2119 681 2180 vocibus
699 2125 840 2194 ΠΨΨἸ,
856 2125 989 2194 blatan
1006 2132 1037 2188 st
1053 2129 1120 2194 nid
1152 2165 1161 2198 ,
1205 2127 1331 2188 viderint

193 2203 254 2266 olii:
280 2201 351 2262 mihi
370 2199 486 2282 quida
504 2219 564 2260 non
582 2199 709 2278 videtur,
734 2203 789 2261 nisi
808 2203 911 2264 saltem
929 2204 959 2264 io
978 2211 1137 2286 postrema.¹
1173 2211 1332 2268 Derbom

63 2294 65 2302 ’
193 2285 270 2345 onim
299 2281 446 2355 dicontur,
475 2278 542 2376 qui·
555 2277 665 2340 abieoto
695 2283 773 2342 omni
797 2279 854 2344 Dei
876 2284 994 2359 timore,
1023 2287 1159 2368 peccandi
1187 2287 1332 2348 licentiam

191 2384 231 2426 ex
253 2361 359 2424 fidncia
382 2361 558 2442 impumtatis
579 2359 732 2441 arripiunt,
751 2368 783 2423 et
801 2364 882 2442 quasi
901 2383 1047 2446 nonqnm
1068 2368 1105 2427 sit
1125 2365 1267 2428 reddenda
1287 2385 1334 2426 ra·

193 2446 246 2518 tio,
265 2461 364 2504 secoro
387 2439 446 2500 Dei
464 2439 570 2501 indicio
594 2437 727 2502 illudunt.
768 2438 846 2521 Quia
869 2450 966 2506 tamen
990 2447 1125 2515 Ditem
1148 2453 1254 2510 vocant
1272 2443 1330 2506 lie·

118 2591 121 2604 1
193 2523 272 2585 braei
296 2522 391 2604 palam
416 2520 581 2594 sceleratos,
611 2539 669 2580 non
695 2522 770 2582 male
793 2523 950 2604 iunguntur
973 2543 1040 2584 cum
1063 2519 1196 2606 proiessa'
1215 2525 1331 2586 vivendi

193 2606 312 2672 ntione.
350 2599 517 2674 Caeterum,
542 2601 568 2660 si
585 2599 748 2681 Prophetae
771 2603 869 2663 mento
891 2621 1008 2664 accuso
1030 2604 1086 2664 init
1107 2607 1171 2688 pios
1190 2603 1246 2666 Dei
1269 2605 1331 2665 ool·

194 2689 287 2752 tores,
315 2689 348 2742 ut
375 2682 465 2742 vitam
489 2699 570 2740 stram
594 2687 671 2742 reete
699 2689 918 2763 componerent,
947 2683 983 2744 ab
1006 2684 1160 2766 impiorum
1183 2685 1332 2746 consortio

195 2761 314 2825 naabi:
335 2781 394 2842 qno
409 2759 493 2820 bodie
507 2763 669 2842 corruptior
682 2769 726 2821 ost
741 2762 873 2836 mondus,
886 2779 922 2822 eo
931 2764 1021 2846 magis
1031 2763 1162 2838 sollicite,
1176 2771 1209 2824 ut
1222 2763 1259 2824 ab
1268 2763 1331 2824 eins

194 2843 413 2924 inquinamentis
431 2841 497 2921 puri
511 2857 666 2914 memor,
686 2840 818 2922 fugienda
832 2841 914 2902 nobis
927 2849 973 2902 est
985 2843 1074 2903 noxia
1088 2846 1180 2904 omnis
1199 2845 1331 2917 societas,

84 2961 99 3012 .'
196 2939 361 3019 quanquam
384 2933 444 2982 dou
463 2926 577 3016 taqtom
594 2919 631 2982 ob
651 2921 745 3001 impiis
764 2922 897 2982 recedere
911 2921 1009 3018 fideles
1023 2921 1102 2984 iubet
1115 2922 1276 3020 Propheta,
1294 2941 1332 3018 ιι

196 3023 248 3064 eos
272 3001 379 3063 mlicrat
401 3005 548 3082 contagio,
572 2999 623 3061 sed
642 2997 700 3060 huo
775 3022 811 3062 ue
829 3003 986 3063 admonitio
1005 3021 1037 3064 se
1055 3003 1198 3078 extendit,
1221 3025 1259 3064 ne
1277 3001 1332 3064 arba

196 3085 317 3165 quisque
340 3081 493 3162 impietatis
516 3081 554 3140 sit
578 3081 723 3160 magister:
769 3083 810 3142 eri
835 3083 912 3142 anim
935 3089 1082 3164 potestat
1101 3083 1152 3164 qui
1170 3083 1240 3144 nihil
1258 3081 1331 3141 labis

198 3163 340 3226 contraxit
364 3180 401 3221 ex
425 3160 508 3222 malis
532 3160 686 3240 exemplis,
710 3161 801 3222 malos
820 3168 917 3222 tamea
936 3169 1039 3242 sponte
1056 3163 1208 3237 imitando,
1231 3181 1332 3228 eorum

198 3245 236 3303 sit
261 3241 367 3302 similis.
408 3239 441 3299 ln
465 3239 590 3300 secondo
616 3259 700 3299 verso
720 3261 778 3300 non
798 3239 965 3322 simpliciter
983 3240 1082 3304 beatos
1092 3243 1268 3402 iignum
1286 3244 1333 3318 (nt

199 3322 284 3402 alibi)
308 3321 358 3401 qui
378 3319 474 3380 Deom
497 3321 611 3392 timent,
636 3319 685 3378 scd
709 3321 845 3400 pietatem
870 3321 998 3400 designat
1020 3341 1073 3403 per
1152 3323 1175 3380 ‘s
1194 3321 1333 3382 studiome

199 3421 260 3500 qno
285 3401 422 3462 docemur
447 3417 507 3459 non
531 3399 613 3458 aliter
631 3395 728 3460 Deam
747 3401 800 3460 rite
819 3401 890 3474 coli,
914 3401 967 3462 uisi
985 3421 1076 3481 quum
1096 3401 1228 3463 obeditur
1245 3399 1334 3461 verbo

199 3501 269 3543 esus.
314 3477 380 3540 Non
403 3497 472 3560 ergo
517 3497 550 3538 rc
574 3479 712 3559 ιιιίιιιιιι
735 3479 854 3540 arbitrio
878 3479 1008 3562 lingenda
1027 3481 1126 3562 religio
1145 3488 1203 3556 est,
1227 3480 1279 3542 sed
1297 3490 1350 3540 er'

199 3561 257 3622 Dei
276 3559 365 3620 verbo
384 3577 484 3619 sumen
504 3577 521 3617 a
540 3563 584 3618 est
623 3559 715 3619 ietatis
728 3559 835 3640 regulo.
861 3558 949 3639 Quod
963 3561 999 3620 de
1013 3557 1089 3641 Lege
1104 3561 1166 3621 sola
1180 3561 1228 3622 bic
1243 3563 1333 3640 toqui·

199 3649 256 3714 tor,
276 3661 335 3702 nou
355 3637 471 3721 perinde
490 3638 579 3718 corripi
598 3579 684 3698 lebet
701 3641 760 3698 acsi
780 3640 907 3720 reliquae
920 3639 1085 3722 Scripturas
1103 3640 1200 3700 nullos
1219 3639 1335 3702 darem

201 3721 297 3781 locust
323 3721 393 3800 quin
411 3719 507 3800 potios
526 3735 618 3798 qaum
637 3724 698 3778 tota
716 3717 867 3800 Scriptum
885 3720 955 3782 nibil
974 3721 1051 3782 aliud
1070 3720 1157 3782 inerit
1176 3739 1264 3802 qnam
1283 3719 1335 3780 le

201 3802 245 3882 gis
265 3799 423 3881 expositio,
448 3797 501 3856 snb
524 3797 618 3878 capita
636 3799 701 3878 ipso
720 3799 971 3879 comprehenditur
989 3819 1103 3882 corpus.
1141 3799 1249 3882 Iegem
1268 3812 1337 3880 ergo
1417 3837 1418 3842 κ

201 3899 269 3940 oum
294 3881 353 3940 suis
377 3875 585 3938 accessionibus
605 3875 750 3957 Propheta
769 3880 964 3954 commendat,
988 3899 1042 3940 nec
1060 3899 1130 3940 vero
1148 3881 1232 3941 aliter
1249 3885 1338 3940 staret

244 3960 282 4018 od
301 3977 394 4040 nuper
414 3957 547 4030 mximas,
587 3959 746 4036 repositum
764 3959 791 4019 ei
811 3959 897 4020 luisse
915 3959 952 4019 od
967 3958 1096 4020 Psalmos
1111 3979 1229 4041 quoque
1242 3959 1337 4042 legen-

201 3981 254 4099 ills
274 4037 383 4100 hortari
402 4035 508 4096 lideles.
581 4036 639 4096 uod
664 4045 760 4101 notem
780 4043 873 4120 primo
893 4041 1011 4120 requirit
1030 4047 1063 4100 ut
1081 4042 1257 4100 &sicinium
1271 4048 1337 4121 pto*
1417 4115 1418 4122 ἵ

199 4138 269 4182 rosa
285 4125 326 4180 stt
344 4126 378 4180 io
396 4119 479 4198 Lege
495 4118 627 4194 Domini,
646 4135 685 4176 ex
704 4117 748 4178 his
767 4117 862 4178 ambis
881 4119 1032 4194 discamus,
1052 4119 1170 4179 minime
1185 4117 1251 4179 Deo
1271 4139 1336 4200 pro·

201 4199 262 4259 bari
286 4205 418 4260 eosotom
437 4196 485 4256 vel
503 4195 636 4254 servilem
655 4197 781 4272 cultrum,
803 4217 858 4258 uec
875 4197 947 4260 alios
972 4217 1035 4260 esse
1059 4199 1176 4259 idoneos
1194 4195 1278 4277 Legis
1298 4197 1337 4258 di·
1417 4229 1418 4249 i

201 4279 335 4360 scipulos,
354 4277 409 4338 nisi
429 4277 479 4356 qui
500 4273 580 4334 hilari
601 4276 697 4336 animo
716 4279 752 4337 ad
772 4296 835 4338 eam
854 4280 1003 4352 accedunt,
1022 4285 1053 4340 et
1071 4297 1146 4360 qnos
1161 4280 1200 4338 ita
1215 4277 1338 4340 delectat

201 4361 264 4420 eins
283 4358 427 4436 doctrin,
454 4361 486 4414 nt
509 4352 581 4414 nibil
599 4359 696 4435 potios
715 4357 821 4420 domat
840 4360 886 4421 sel
905 4359 1022 4422 suavius
1041 4377 1130 4442 quam
1149 4360 1179 4419 in
1199 4377 1233 4422 ea
1253 4359 1335 4440 profi·
