2804 4890
182 313 235 370 195
307 279 343 382 .'
615 303 903 372 couneus

262 435 292 500 ’7.
318 437 357 498 Ut
376 432 623 570 audiresnmon.
663 428 716 490 Hie
735 427 831 490 verbis
851 427 977 490 ostendit
996 425 1132 488 sacrificis
1152 447 1186 487 se
1204 425 1239 487 in
1256 425 1326 508 legi·

184 521 287 580 timum
315 533 400 575 nsum
425 532 459 572 uc
494 531 569 570 rnenr
595 509 712 583 reterre,
742 527 760 570 a
790 527 848 589 quo
880 507 1047 590 hypocritae
1075 507 1180 588 procui
1210 505 1328 568 absunt.

186 597 335 675 Quorsum
365 590 439 653 enirn
468 591 582 687 pietatis
609 590 744 650 exercitia
765 589 921 650 instituerit
944 585 1039 658 Deus,
1067 588 1188 652 minime
1218 594 1330 652 tenent,

144 739 147 746 ,
179 683 272 757 Ιοῑοιιο
291 675 377 734 etiam
396 690 475 752 parvi
496 669 636 751 pendunt:
663 671 729 750 quia
753 669 822 728 setis
847 655 892 728 es't
911 665 1099 726 simulationis
1119 685 1261 748 pompam
1284 665 1332 726 vel
1391 677 1392 746 l

186 749 598 896 :submittitis
627 747 714 888 iii
732 741 1163 887 diiiiiiiibiiiffl
1177 746 1331 906 tim

186 915 286 975 venire
305 911 436 972 affirmet.
476 906 528 968 Est
546 871 643 968 autdm
664 905 843 987 synecdoche
867 909 898 966 in
922 907 984 966 eine
1009 906 1119 980 verbis,
1149 907 1217 986 quie
1244 907 1332 964 unica
1391 951 1392 954 ¹

188 977 300 1056 tandum
319 992 427 1072 species
446 989 602 1068 attingitur.
633 985 786 1046 Sacriiiciis
811 988 886 1046 enim
906 1005 964 1044 non
985 992 1097 1044 tentum
1117 985 1255 1044 mandate
1276 983 1334 1044 i'uit

187 1077 341 1168 gratianum
361 1070 443 1166 actio,
462 1068 617 1127 sedetiam
637 1067 791 1162 meditatio·
804 1067 994 1146 poenitentiae
1018 1083 1052 1124 uo
1071 1063 1146 1124 iidci.
1178 1063 1240 1160 Sed
1261 1083 1334 1203 affl

176 1149 346 1293 ptmtppppplp
348 1147 1237 1300 Ἑοξὲἷοτνῗί1818ιέἰὲὧῖιῗὲὲἓὲῗοῒῗιῗιξηῗοίῐυξοῇῗὲ
1239 1164 1336 1304 sperte

191 1311 314 1391 reliquus
338 1305 551 1388 comprehendi.
590 1303 640 1365 Sic
664 1306 749 1364 etiam
769 1303 884 1364 Psalmo
904 1307 952 1378 50,
973 1303 1020 1366 11.
1043 1303 1179 1364 omnibus
1202 1305 1336 1364 extemis

191 1389 357 1452 ceremoniis
383 1387 539 1468 opponitur
564 1385 678 1446 unicum
703 1383 795 1444 lairdis
820 1383 1003 1456 saoriiiuium,
1032 1384 1091 1442 arsi
1115 1385 1146 1442 in
1171 1401 1208 1442 eo
1236 1385 1336 1466 posita

192 1477 268 1530 esset
286 1467 398 1549 pietatis
421 1485 543 1526 summe.
582 1462 789 1542 ltcm,Pealmo
809 1465 876 1536 116,
897 1467 944 1526 12.
986 1459 1063 1540 Quid
1090 1463 1247 1542 rependam
1268 1461 1335 1522 Do-

191 1551 269 1610 mino
289 1568 342 1628 pro
362 1545 573 1606 omuibus'eius
598 1543 783 1604 muneribus?
822 1541 948 1602 Culicem
973 1544 1097 1602 salutum
1121 1543 1275 1622 accipiam,
1302 1549 1335 1602 et
1392 1557 1393 1626 ζ

193 1647 297 1688 nomen
316 1624 438 1689 lebovae
457 1621 606 1684 invocabo.
632 1622 768 1684 Ceterum
788 1641 847 1702 quo
867 1623 966 1682 melius
986 1621 1109 1682 illustret
1122 1619 1217 1680 David
1238 1629 1333 1682 ratum

190 1707 249 1768 Dei
269 1706 444 1788 putendum,-
459 1703 578 1784 eiusque
597 1701 733 1762 beneficia
753 1701 925 1783 splendidius
944 1699 1073 1771 extollet,
1098 1703 1192 1765 utitur
1208 1703 1331 1762 nudi-

193 1791 274 1927 dipsist
295 1785 424 1846 nomine:
458 1784 518 1844 acsi
552 1781 661 1844 diceret
693 1801 752 1842 non
780 1782 891 1864 vulgari
925 1781 1011 1842 modo
1041 1800 1072 1840 se
1101 1781 1190 1843 tunso
1215 1799 1233 1842 s
1260 1778 1330 1840 Deo

194 1886 260 1928 usu
275 1884 333 1925 nm.
900 1888 905 1896 ·

284 2059 315 2124 8.
360 2055 493 2147 lehpva‚
523 2053 627 2144 ,dilexi
660 2053 873 2124 babitaculum
901 2053 1016 2120 domus
1043 2063 1130 2134 tuse,
1163 2062 1198 2120 et
1223 2049 1337 2133 Ιοωω,

197 2161 346 2230 domicilii
379 2161 494 2252 gloriae
526 2169 610 2228 tuac.
665 2160 697 2228 9.
725 2157 775 2226 Ne
802 2145 929 2252 colligas
963 2183 1036 2226 cum
1062 2157 1166 2250 impiis
1195 2157 1337 2223 animam

194 2289 319 2347 meam,
347 2275 379 2332 et
406 2288 479 2332 cum
507 2265 581 2334 viris
609 2256 800 2357 sanguinum
818 2267 928 2333 uitam·
943 2289 1058 2334 meam.
1106 2266 1156 2332 10.
1190 2261 1277 2348 Quis
1304 2263 1338 2328 in

137 2419 141 2430 ,
197 2371 343 2439 manibus
365 2393 477 2438 eorum
499 2369 623 2454 malitia,
645 2381 678 2440 et
700 2371 809 2439 dextre
831 2393 943 2440 eorum
964 2371 1057 2462 pleua
1073 2381 1122 2438 cut
1135 2368 1339 2438 muneribus.

199 2479 251 2544 11.
283 2475 354 2568 Ego
376 2486 484 2544 autem
505 2477 539 2544 in
560 2475 735 2570 integritate
757 2501 828 2546 mee
850 2477 1032 2546 ambulabos
1058 2477 1180 2546 redime
1205 2497 1278 2560 me,
1306 2483 1341 2542 ct
1393 2458 1394 2538 i

198 2584 347 2651 miserere
369 2582 443 2650 mei.

179 2765 184 2784 .
229 2788 232 2797 ,
276 2729 307 2791 8.
327 2730 446 2802 ieiunus,
465 2729 563 2790 ᾰίἱοτὶ.
590 2726 764 2789 *Confirmat
782 2728 839 2790 lroc
857 2747 943 2790 versu
962 2745 994 2787 se
1013 2747 1071 2788 non
1090 2727 1272 2789 defunctorie
1289 2745 1342 2785 ve·

198 2808 261 2872 nire
280 2807 310 2866 in
330 2807 480 2888 templum
499 2808 548 2868 sed
568 2810 642 2868 acrio
662 2811 774 2870 affectu.
815 2808 888 2870 Nem
908 2807 1019 2890 profani
1039 2805 1178 2882 hominus,
1203 2807 1341 2888 quemvis

198 2889 285 2948 etium
305 2887 314 2947 i
336 2887 360 2946 si
379 2889 520 2950 ventitent
538 2887 575 2947 ad
591 2907 687 2948 sacros
701 2895 808 2963 coetus,
827 2888 950 2949 latebras
965 2895 1060 2947 tamen
1075 2887 1132 2947 hoc
1147 2883 1236 2948 modo
1252 2905 1341 2968 quae-

199 2973 268 3028 ruut
292 2906 334 3026 ud
354 2966 532 3048 iugitundum
555 2965 612 3028 Dei
636 2977 834 3046 conspectum:
864 2969 903 3049 pii
928 2987 997 3028 vero
1022 2967 1102 3027 etin
1168 2971 1175 2984 '
1206 2967 1343 3026 homines

199 3065 259 3129 non
279 3063 370 3106 venae
390 3049 585 3108 ostentationis
604 3065 689 3107 ceusu
709 3049 891 3130 frequentant
913 3046 1067 3128 templum,
1091 3065 1121 3106 se
1166 3049 1237 3128 quia
1261 3051 1343 3105 reeta

201 3125 349 3206 adspirant
369 3125 405 3184 ud
425 3126 620 3205 quaerendum
640 3125 745 3202 Deum,
771 3129 892 3188 libenter
911 3131 939 3186 et
959 3125 1061 3207 cupide
1081 3145 1156 3206 quae
1174 3127 1233 3186 illio
1255 3125 1343 3185 oiiert

200 3203 284 3264 Deus
304 3203 476 3278 adiumenta,
502 3205 537 3265 ed
557 3225 641 3264 suum
662 3226 745 3266 usum
765 3206 991 3280 accommodant,
1011 3223 1044 3264 uc
1064 3203 1172 3266 utilitas
1191 3207 1248 3265 ista
1268 3205 1342 3263 desi·

203 3283 315 3346 derium
333 3290 363 3342 et
382 3301 510 3344 umorem
529 3286 558 3344 in
578 3303 678 3344 eorum
698 3285 830 3346 cordibus
846 3285 982 3346 accendit.
1008 3283 1141 3345 Ostendit
1156 3293 1254 3345 eutem
1269 3283 1342 3342 haec

112 3395 116 3415 .
201 3363 381 3434 contestatio,
401 3359 552 3437 Davidem,
573 3364 727 3442 quamlibet
741 3367 812 3426 elios
827 3365 883 3427 lide
897 3363 1087 3446 praecelleret,
1103 3367 1226 3426 veritum
1242 3371 1343 3424 temen

199 3441 289 3502 luisse
308 3459 347 3500 ne
366 3441 529 3523 vulgaribus
549 3444 609 3502 istis
634 3443 814 3518 radionatis,
839 3461 913 3526 quse
932 3441 1013 3506 Deus
1031 3441 1176 3525 dcclesiee
1195 3457 1268 3505 suae
1285 3449 1343 3502 ire·

200 3519 323 3593 diderat,
342 3538 410 3580 eum
430 3522 554 3601 privaret
572 3523 721 3601 tyrannica
740 3524 868 3584 hostium
888 3523 1032 3586 violentia.
1057 3521 1132 3592 Num
1147 3543 1179 3584 se
1193 3525 1343 3584 communi

202 3599 348 3678 disciplina
368 3607 405 3660 et'
419 3600 517 3662 ordine
537 3621 609 3682 opus
629 3601 733 3663 babere
753 3603 861 3676 videns,
886 3603 921 3664 dc
944 3603 1090 3664 retinenda
1110 3604 1343 3686 templiposaes·
1378 3669 1380 3672 .

203 3677 284 3738 sium
304 3677 427 3740 sollicite
452 3682 605 3741 contendit.
646 3679 730 3742 Unde
752 3681 911 3764 colligimus
936 3701 1024 3765 quam
1041 3703 1163 3764 pravum
1184 3687 1221 3746 sit
1238 3702 1345 3747 comm

202 3756 347 3818 fastidium
368 3759 418 3839 qui
438 3767 573 3840 tunquam
593 3781 625 3821 su
647 3780 768 3823 ervacus
788 3769 975 3823 contemnunt
988 3763 1098 3844 pietatis
1111 3757 1259 3838 exercitia,
1280 3763 1345 3842 qui·

203 3836 266 3930 bus·
278 3856 315 3896 ne
334 3838 397 3975 {pse
415 3839 530 3976 puidam
540 3782 646 3900 David
656 3859 752 3902 curere
772 3845 874 3918 potuit.
894 3840 959 3902 Fuit
979 3841 1093 3922 quidem
1112 3843 1168 3904 ulie
1187 3844 1251 3904 οίοο
1270 3848 1345 3902 1οιιι-
1365 3870 1371 3883 ·

244 3934 283 3974 ns
303 3935 334 3975 ra
348 3937 390 3990 so,

203 3935 306 4076 plidlum
327 3997 467 4060 serviliter
486 4017 553 4078 prae
573 3999 654 4058 nobis
741 4007 797 4060 retr
823 3999 880 4060 boc
899 4009 994 4066 temen
1014 4003 1096 4062 nobis
1115 4019 1271 4062 commune
1287 4007 1346 4074 est,

133 4145 136 4152 Ι
206 4075 286 4154 quod
306 4073 483 4136 adminiculis
502 4097 579 4158 opus·
595 4077 681 4138 lsabet
722 4079 767 4140 dei
784 4087 899 4140 nostrae
917 4079 1075 4142 infirmitas.
1100 4079 1202 4160 Quum
1222 4097 1295 4141 ser-o
1315 4081 1348 4139 in

205 4152 283 4214 bunc
308 4173 392 4214 usum
419 4155 601 4216 destinaverit
620 4155 703 4217 nobis
723 4157 803 4218 Deus
828 4166 887 4218 tem
906 4160 1106 4237 Sacramenta,
1135 4179 1224 4242 quum
1248 4167 1348 4230 totum

206 4229 351 4294 Ecclesiae
371 4234 508 4306 ordinem,
529 4253 582 4296 vse
601 4255 703 4296 eornm
722 4237 870 4318 superbiae
889 4240 939 4319 qui
959 4255 1057 4300 seeum
1071 4241 1254 4312 transvolent
1271 4257 1348 4320 quae

428 3925 521 3992 utem,
546 3940 636 4000 quum
656 3918 721 4002 ¹¹³².
742 3921 835 3982 adbuc
851 3924 949 3982 instar
967 3922 1124 4004 paedagogi
1142 3929 1271 3984 veterem
1291 3941 1347 4002 po

205 4311 337 4448 pidemus
354 4316 458 4378 uncus
476 4311 534 4376 Dei
553 4315 744 4412 semisismo
763 4319 795 4412 in
812 4319 903 4416 pretio
923 4317 1018 4378 fuisse.
1050 4323 1131 4418 plin
1158 4319 1279 4402 quidum
1300 4317 1348 4378 de-

127 4455 133 4466 ,
226 4395 315 4452 neunt
338 4391 374 4452 ab
401 4393 500 4456 oculo:
530 4399 618 4476 etque
640 4401 680 4456 sta
704 4395 925 4478 pulcritudinem
944 4398 991 4460 vel
1015 4397 1183 4480 adspectum
1213 4405 1348 4462 venunt:
