2748 4890
443 253 489 296 ιιι
516 251 677 297 aarum.
704 253 817 298 xxxta.
1148 252 1205 315 ³09

39 377 134 440 mala
153 377 321 451 cornuin,
340 366 431 456 libari
450 378 488 438 ait
507 369 675 440 lectoribus
694 380 789 459 optio,
813 377 885 439 adde
905 378 991 462 quod¹
1004 350 1098 455 522,
1141 399 1201 442 non

40 459 148 520 modo
166 458 304 532 stultum,
316 456 366 518 sed
386 455 472 518 etiam
493 457 735 538 contemptibilem
757 477 791 517 ac
810 457 892 518 nihili
910 459 957 519 vel
978 478 1101 539 nequam
1116 461 1201 548 signi·

40 537 135 598 licat.
177 535 298 598 Certm
318 537 434 618 qnidam
457 542 514 609 ast,
539 535 677 618 reprobos
702 557 802 597 ornnes
821 537 941 620 intelligi
958 558 1031 619 qnos
1051 539 1201 620 Scriptura

40 617 197 704 stptlitiaa
216 616 345 676 damnata
365 617 434 696 quin
452 623 530 678 racto
550 616 733 698 intelligentia
754 617 867 700 privati,
887 617 995 679 inrioae
1013 615 1111 680 inllei
1131 637 1197 681 cou-

40 703 200 780 temptum
225 696 363 760 feruntur.
503 703 508 714 ‘
668 712 670 723 ·
1156 705 1164 712 ·

138 780 188 840 10.
211 777 359 852 munos,
379 797 440 837 non
459 783 594 858 operirem
613 799 649 838 oa
665 799 768 839 aueum.
795 775 851 838 Hic
870 771 926 838 iam
946 797 984 852 se
997 777 1128 860 obiurgat
1137 775 1197 840 Da·

39 856 120 934 vid,
148 855 228 938 quod
252 873 310 914 non
335 858 471 916 tennerit
485 857 628 916 silentium
649 857 733 930 illum
758 858 836 940 qaod
861 864 929 918 onte
947 858 1069 918 vidimus
1090 859 1197 919 doloris

39 935 238 996 vehementia
262 933 350 994 luisse
375 934 536 1017 abruptum.
577 928 654 1020 Ergo
679 938 756 1018 qood
782 957 813 998 se
833 937 1008 998 obmutuisse
1029 937 1110 1008 dicit,
1136 957 1195 998 uon

41 1015 220 1112 aequabilia
230 1020 264 1110 et
283 1021 436 1109 perpetuae
455 1016 662 1112 moderationis·
676 1017 800 1100 elogium
819 1023 876 1094 eat,
896 1017 945 1076 aed
965 1018 1027 1076 vttti
1047 1019 1196 1113 conoclip,
1255 1039 1261 1052 ·

39 1094 1194 1236 muniente,tltttt.ttutllteltttttttttlill
1222 1171 1227 1202 ν

41 1257 160 1334 airepis
181 1251 260 1326 Deo,
286 1253 355 1333 quid
379 1259 473 1328 auteur
499 1253 554 1314 hac
577 1259 627 1312 lua
652 1256 769 1315 andacia
795 1255 947 1336 proficies?
985 1254 1121 1315 Continet
1145 1273 1194 1316 au·

41 1341 115 1395 tem
143 1333 192 1394 bie
215 1333 297 1413 locnq
321 1332 404 1392 valde
423 1335 521 1394 utilem
541 1333 713 1394 doctrinam:
738 1337 805 1416 qnia
826 1335 895 1394 nibil
915 1333 951 1393 ad
970 1335 1194 1416 compescendos

46 1413 169 1476 doloris
194 1413 232 1472 im
244 1419 316 1474 'etna
341 1413 436 1493 aptit-rs
461 1419 507 1472 eat
531 1431 618 1494 qnam
644 1413 692 1473 nbi
704 1413 800 1474 'nobis
819 1417 848 1474 tn
868 1420 993 1474 mentem
1013 1416 1104 1489 venit,
1116 1423 1120 1432 '
1133 1431 1193 1476 nou

42 1511 122 1554 cum
147 1424 265 1552 humida
284 1471 414 1566 mortali,
429 1483 487 1553 'sed
508 1510 573 1552 carn
596 1491 659 1552 lleo
679 1508 743 1553 eane
763 1495 925 1574 negotium,
950 1493 1001 1572 qut
1020 1494 1193 1576 semper'iu·
1292 1548 1298 1562 ,

45 1574 162 1632 stiliano
177 1591 260 1632 suam
280 1577 379 1631 contm
400 1585 498 1632 omnes
518 1571 611 1632 obatre
643 1591 696 1638 ,roa
716 1573 863 1634 hominum
883 1593 1025 1647 susurros,
1044 1574 1104 1633 imo
1124 1585 1211 1634 con-⁸

44 1659 97 1712 tra
122 1653 239 1712 insanos
263 1651 402 1712 clamores
427 1657 541 1712 emeret„
616 1651 671 1712 ndd
697 1655 771 1713 anim
798 1651 830 1712 fit
855 1659 888 1712 ut
914 1653 943 1712 in
967 1659 1076 1714 tantam
1100 1654 1191 1734 impa-

47 1733 188 1792 tientiam
207 1737 275 1791 roal
298 1732 390 1791 maior
436 1749 481 1791 ara
506 1731 668 1804 hominnm,
692 1733 745 1790 niai
771 1734 837 1812 qnia
861 1751 920 1791 non
944 1737 1106 1828 reputatae
1125 1749 1191 1791 curn

43 1811 121 1871 Deo
147 1813 259 1871 rixari?
298 1807 375 1908 Ergo
400 1751 468 1870 adam
494 1811 541 1871 alii
562 1811 590 1870 in
611 1811 755 1871 fortunam
775 1809 920 1884 reiiciunt,
945 1811 1040 1871 alarin
1060 1810 1191 1872 homiues
1319 1808 1322 1824 “

45 1889 192 1972 quioquid
210 1889 278 1950 mali
298 1891 439 1964 emendetit,
459 1889 506 1950 alii
527 1891 619 1950 aerias
635 1909 734 1950 cauam
749 1889 801 1950 sibi
815 1890 936 1972 fingunt,
955 1891 1006 1950 vix
1020 1897 1116 1950 autem
1125 1909 1207 1950 cen-⁴

47 1972 176 2030 munna
194 1972 351 2051 quinquen
391 1971 463 2030 oscil
482 1967 537 2030 Dei
557 1989 688 2029 manum:
715 1969 802 2030 libere
821 1969 873 2029 sibl
892 1970 922 2029 in
942 1970 1128 2050 querimoniis
1146 1971 1189 2029 in·

47 2051 185 2132 dulgent.
224 2048 333 2110 Contra
383 2049 459 2124 auid,
478 2055 510 2108 nt
530 2067 635 2131 pravos
655 2067 755 2109 omnes
774 2055 803 2128 el
822 2049 941 2110 vitiosos
960 2068 1093 2109 exeamus
1112 2050 1189 2110 cobi-

46 2130 137 2205 beat,
155 2148 187 2190 sc
206 2129 243 2189 etl
261 2127 359 2189 Deum
378 2130 531 2190 conventit:
556 2133 585 2190 et
609 2131 675 2210 quia
696 2129 732 2188 ab
751 2147 787 2188 eo
806 2128 966 2210 proiectum
986 2130 1023 2188 sit
1042 2128 1120 2209 quod
1140 2147 1190 2210 pao

43 2212 137 2284 titur,
161 2207 214 2270 sibi
239 2208 488 2270 obmutescendum
515 2227 577 2268 csse
600 2209 706 2268 statuit.
746 2205 806 2268 lam
831 2227 921 2288 quom
939 2205 1036 2268 David
1055 2210 1189 2268 mirensis

45 2290 137 2351 malis
157 2289 298 2365 sillictus,
318 2290 385 2370 quia
405 2287 500 2348 Deum
520 2289 648 2368 agnoscit
666 2307 766 2348 eornm
785 2294 946 2356 auctorem,
966 2288 1058 2368 legem
1077 2287 1190 2348 tacendi

44 2371 103 2430 sibi
128 2370 272 2450 imponat:
298 2367 354 2428 boc
377 2369 498 2432 sciamus
524 2385 613 2428 unum
638 2385 699 2428 ease
724 2387 761 2426 en
781 2369 941 2449 praecipuis
960 2367 1102 2428 exercitiis
1122 2366 1188 2427 lidei

44 2455 185 2520 nosboe,
209 2447 352 2534 humiliari
376 2448 429 2508 sub
453 2447 521 2512 forti
540 2446 596 2508 llei
616 2465 718 2522 mann,
741 2453 772 2508 ei
791 2455 865 2507 σιιιιιΙ
877 2447 989 2508 silentio
1009 2447 1189 2528 acqmcsoere

42 2531 114 2590 eins
132 2527 255 2588 indiciis.
280 2527 414 2588 Ceterum
435 2527 590 2588 nolendum
611 2534 663 2594 cat,
681 2534 753 2586 tnnc
772 2526 1016 2608 darnumplaoidc
1035 2533 1065 2587 et
1083 2526 1188 2586 sedalis

42 2608 155 2672 animia
175 2606 304 2668 hominos
323 2627 355 2669 ac
373 2607 439 2669 Deo
459 2607 610 2678 subiicere,
631 2606 680 2666 nbi
700 2608 827 2687 persuasi
847 2613 929 2682 sont,
947 2624 1007 2666 non
1026 2607 1119 2666 solum
1139 2605 1186 2665 ab·
1302 2660 1309 2671 ,

42 2689 146 2750 soluta
167 2689 293 2768 potentia
309 2685 399 2748 iacere
414 2687 548 2768 quicquid
565 2685 757 2758 titaneaque
771 2686 878 2747 tostum
892 2703 954 2746 asae
968 2685 1100 2764 indicem,
1119 2703 1187 2745 nam

42 2770 102 2828 etsi
123 2767 207 2848 impii
224 2785 256 2828 ae
275 2769 337 2828 eiua
355 2779 442 2827 mano
461 2767 571 2848 perculi
590 2767 728 2838 sentinat,
748 2765 815 2844 quia
834 2771 929 2826 lernen
943 2784 1009 2825 cum
1022 2765 1187 2826 insimulant

42 2849 188 2908 saeviliae
206 2853 236 2906 cl
255 2849 421 2928 tyrannidis,
442 2865 498 2905 non
519 2846 652 2904 desinont
670 2843 827 2904 horrendas
846 2846 874 2902 in
890 2846 983 2925 ipanm
999 2843 1187 2924 blasphemiae

42 2922 195 2990 evomere.
236 2926 343 2987 Interea
369 2930 410 2986 sio
429 2925 524 2986 David
550 2925 661 2984 occulta
682 2922 737 2984 Dei
761 2923 863 2984 iudicia
888 2929 1049 2984 manenter
1068 2941 1116 2984 ana
1136 2923 1187 2984 icit

42 3015 76 3070 et
96 3007 210 3146 adorqt,
228 3013 263 3069 nt
280 3007 341 3068 rota
360 3007 422 3068 eina
444 3005 590 3070 voluntale
609 3009 769 3082 contentos,
789 3003 868 3067 naas
887 3021 950 3067 esre
970 3002 1055 3066 ducat
1135 3021 1186 3065 nm
1307 3047 1311 3058 .

42 3093 152 3150 canna
185 3103 275 3150 acero.
531 3107 534 3114 “
762 3099 766 3118 '
1162 3115 1165 3126 ·
1215 3099 1223 3124 ⁶

140 3263 194 3332 21.
216 3260 315 3331 Auser
336 3287 354 3330 a
375 3264 428 3332 me
449 3261 573 3358 plagam
595 3273 696 3334 tuam=
717 3289 735 3332 a
759 3261 889 3333 vulnere
909 3269 1105 3330 mannstuac
1122 3271 1198 3349 egu'
1309 3259 1312 3266 ’

43 3369 161 3440 deieci.
207 3370 260 3443 12.
281 3367 319 3438 ln
345 3372 594 3462 correptionibus
622 3381 752 3478 propter
771 3369 969 3460 iniquitatem
989 3365 1121 3458 castiges
1141 3361 1183 3430 vi·

43 3501 139 3564 rum,
173 3485 207 3545 ci
231 3475 404 3544 tabescere·
418 3475 493 3546 lacis
522 3477 612 3568 qnasi
633 3477 718 3546 fines
739 3475 959 3570 praestantiam
981 3473 1065 3544 riusa
1098 3479 1184 3540 rorte

45 3587 181 3668 vantur,
204 3577 311 3651 omnis
332 3581 461 3688 horno.¹
487 3582 591 3652 Selah.
706 3675 708 3680 Ι
896 3589 899 3600 ’
1034 3589 1038 3600 ’
1164 3595 1169 3602 “

129 3731 178 3792 ll.
198 3729 299 3810 Aufer
317 3750 338 3788 o
356 3751 403 3788 aaa
420 3729 553 3812 plagens
584 3725 743 3788 Continuat
761 3743 842 3788 auam
861 3725 1056 3806 precationem
1074 3719 1181 3794 David,
1258 3722 1265 3744 ¹

46 3815 79 3868 ut
98 3809 216 3868 reniam
235 3808 370 3888 adeptus,
394 3807 554 3867 demantur
573 3813 720 3867 tractetur.
760 3803 862 3944 Neque
880 3811 975 3867 manen
995 3804 1066 3863 baec
1086 3802 1179 3878 oratio

45 3889 194 3949 silentium
213 3885 292 3960 illud,
313 3889 395 3946 cuius
414 3907 506 3968 nuper
524 3888 665 3960 meminit,
682 3883 847 3968 perturba,
866 3887 933 3966 quia
953 3891 1020 3945 vota
1040 3887 1137 3942 nostra
1156 3879 1181 3938 si

46 3966 152 4028 adDoi
170 3967 378 4049 praescriptum
396 3963 564 4040 formentur,
582 3965 698 4026 minime
717 3965 879 4026 turbulenta
899 3971 975 4040 sunt,
994 3967 1027 4022 nt
1036 3963 1108 4022 iram
1122 3957 1179 4018 Dei

46 4053 234 4128 provocent,¹
248 4045 298 4107 aed
321 4065 360 4107 ex
383 4043 451 4106 fidei
474 4052 505 4107 et
523 4047 674 4128 patientiae
693 4045 806 4106 silentio
825 4050 950 4108 manant
990 4039 1098 4101 ilerum
1118 4038 1180 4119 qui·

47 4127 112 4188 dun
137 4133 195 4200 eat,
220 4123 271 4188 ubi
295 4127 361 4207 qnia
374 4125 516 4190 ,ardenter
533 4123 631 4188 Deum
654 4125 823 4206 compellat,
847 4123 909 4186 lieri
927 4141 987 4186 non
1006 4139 1091 4201 posse
1110 4118 1180 4199 quin

44 4207 218 4288 permisceat
242 4223 310 4268 auos
329 4205 464 4276 aiieotrrs,
489 4207 679 4286 querimonias
698 4203 867 4286 moinndat,
890 4209 920 4264 e't
938 4196 1180 4290 ageratnimqrodi·

46 4307 111 4347 cum
131 4285 276 4348 ardorem.
315 4283 374 4346 Sed
392 4285 531 4358 videmus,
550 4283 705 4356 Davidem,
730 4285 781 4364 qui
800 4281 975 4344 tumultuose
994 4297 1087 4360 nupm
1105 4275 1181 4337 mala

45 4384 95 4428 sua
114 4363 255 4444 deflebat,
274 4383 353 4427 nnuc
370 4369 473 4446 poulo
491 4365 587 4431 mimo
606 4363 767 4448 expandere
785 4362 855 4444 qaid
874 4359 990 4426 meritas
1009 4361 1061 4434 ait,
1083 4364 1114 4422 ot
1131 4375 1180 4418 aa·
