2854 4886
539 299 821 342 turstani.
1032 298 1036 312 ·
1235 305 1252 360 3

95 443 188 492 cere.¹
222 423 272 486 Ex
293 420 351 486 hoc
370 423 457 503 legia
477 443 573 484 aurore
593 423 656 483 tluit
676 423 788 482 recidua
809 423 870 482 eina
889 425 1054 488 meditat-to.
1074 445 1161 506 quam
1182 448 1250 490 nrox

98 503 218 564 subiicit
236 504 398 588 Propheta.
423 503 495 564 Fieri
510 505 585 563 enirn
602 523 659 562 non
675 508 771 583 potant
790 502 859 582 quin
880 521 912 562 ac
931 503 1050 566 libenter
1068 506 1098 565 iu
1118 525 1152 566 ea
1171 526 1251 570 exer·

97 591 181 644 ceant
204 585 381 666 qmcnnqnc
401 605 470 645 vern
487 585 549 645 eius
568 601 669 643 amoro
684 585 848 662 tanguntur.

186 741 227 808 3.
255 739 300 808 Et
327 741 387 810 erit
412 751 563 830 tauquam
585 737 678 806 arbor
700 736 838 830 plantata
856 740 959 828 'super
979 739 1065 808 rivos
1087 765 1249 833 aquantur,

89 869 181 936 quae
213 845 358 916 inimum
381 869 476 914 auum
498 843 584 914 dabit
604 854 750 935 ternpore
772 867 849 912 auo:
880 853 913 912 et
935 845 1027 914 cuiue
1049 846 1160 916 lolium
1182 873 1248 920 nou

89 951 236 1038 detinet,
257 963 292 1022 et
313 951 464 1044 quiequid
485 951 578 1021 [adet
594 949 832 1020 secundabitur·

175 1095 382 1160 similitudine
399 1095 524 1193 illustrat
542 1097 704 1194 prociarum
724 1097 909 1196 sententiam,
927 1089 1060 1160 et'stmut
1080 1097 1245 1198 confirmat:

95 1177 356 1318 fet-'ethii
372 1173 1246 1338 ilmffltfflttttt‘h„tt2”tth⁰thttff

101 1338 149 1398 red
173 1337 292 1398 enbitis
309 1337 347 1398 eit
366 1356 468 1398 eorum
487 1336 621 1398 conditio.
659 1336 766 1398 Subest
784 1345 880 1398 anim
900 1338 983 1398 tacita
1003 1338 1152 1400 momen
1172 1341 1247 1402 iuter

102 1419 232 1496 rigorem
252 1416 365 1514 arboria
384 1417 415 1476 iu
434 1415 498 1478 loon
517 1417 624 1498 irriguo
643 1417 796 1500 plantatae,
817 1423 845 1479 ct
865 1411 1016 1514 eyauidapr
1034 1417 1097 1478 eina
1111 1419 1245 1514 speciem,

103 1503 318 1638 rem
335 1496 437 1638 ilii
451 1497 667 1637 ,latebo
712 1497 1165 1640 theltrttthtt
1181 1518 1245 1642 350·

99 1584 198 1716 ἂν
215 1654 327 1716 Libani.
447 1657 456 1715 i
480 1659 556 1716 eninr
576 1677 665 1738 opum
685 1665 715 1718 ct
733 1619 877 1718 honbruui
896 1657 980 1738 eopia
999 1657 1041 1738 aio
1059 1657 1191 1730 allluunt,
1211 1665 1244 1720 ut

102 1735 178 1796 nihil
203 1737 241 1796 ad
269 1743 448 1817 praeacutam
479 1733 643 1798 felicitatem
672 1735 759 1797 derit:
788 1735 837 1796 aed
862 1737 1045 1818 quantumvis
1068 1739 1099 1798 iu
1122 1735 1244 1800 sublime

45 1819 48 1824 '
106 1817 196 1875 erecti
204 1818 269 1891 rint,
282 1815 425 1898 longeque
435 1821 461 1875 et
473 1816 531 1876 late
539 1834 635 1876 ramea
650 1833 718 1878 runa
732 1817 890 1898 proliciunt,
903 1815 972 1895 quia
985 1821 1082 1876 tamen
1096 1815 1149 1876 rub
1165 1823 1242 1878 terra

108 1895 192 1954 nulla
208 1901 254 1956 eat
268 1895 364 1968 radix,
385 1913 482 1975 neque
506 1894 595 1956 eiiam
613 1893 719 1956 humor
742 1896 869 1976 suppetit
887 1893 965 1954 uude
985 1913 1103 1954 tuocum
1117 1893 1242 1972 trehaut,

115 1975 210 2032 atatim
229 1977 365 2034 enneacit
384 1993 419 2034 ac
437 1974 520 2054 perit,
540 1973 586 2034 vel
605 1973 753 2036 manescit
772 1981 850 2035 tutuo
869 1991 971 2034 eurum
986 1973 1080 2034 deror.
1105 1972 1176 2034 Sola
1190 1977 1240 2057 igi-

111 2059 163 2111 tnr
174 2051 229 2114 Dei
248 2053 401 2114 benedictio
420 2059 463 2114 eat
482 2071 557 2134 quae
576 2073 630 2114 noa
648 2055 679 2114 in
718 2072 837 2136 roapcro
856 2059 933 2114 etatu
947 2057 1105 2114 comme
1126 2051 1187 2133 Qui
1202 2074 1240 2118 ex

106 2130 163 2191 bac
184 2133 365 2194 similitudino
390 2133 541 2214 colligunt,
564 2132 663 2194 lidelea
714 2139 796 2194 uuna
820 2151 890 2194 euoa
913 2134 1084 2214 tempeative
1102 2133 1241 2216 prolerre,

105 2213 172 2348 puin
189 2213 347 2308 prudenter
365 2213 530 2274 discernam
547 2212 663 2293 quaudo
682 2211 904 2294 bencageudum
921 2213 971 2310 iit?
990 2220 1101 2310 arpute,
1116 2232 1183 2310 pren
1197 2215 1238 2276 iu·

125 2312 185 2364 ruo,
204 2292 452 2374 philosophantur,
471 2299 552 2354 extra
572 2291 733 2374 Prophetae
751 2313 876 2354 aeneum.
900 2289 977 2353 Nihil
996 2311 1072 2354 curm
1092 2291 1169 2354 ahud
1188 2313 1238 2354 ro·

104 2369 261 2467 lnit'qnarn
281 2380 423 2468 perpetuo
442 2373 543 2468 ilprcre
563 2370 626 2468 Dei¹
639 2371 729 2448 tilica,
748 2391 917 2468 acmperqpe
935 2373 1045 2454 irrigari
1063 2391 1166 2434 armna
1182 2371 1238 2434 Dei

100 2459 204 2530 gratia,
231 2459 264 2512 ut
293 2473 345 2532 qur
382 2453 430 2512 uid
459 2452 514 2513 tlha
538 2451 654 2526 uendit,
678 2453 842 2514 adiumento
866 2459 904 2512 ert
927 2455 956 2513 iu
982 2451 1117 2512 salutem:
1168 2473 1238 2516 uum

212 2472 1126 2693 retritatarrteffibtatahcet
1145 2531 1238 2672 et

809 2653 818 2686 ‚
1225 2647 1236 2662 .

95 2691 210 2750 ritatem
237 2691 387 2770 exprimit:
410 2692 477 2772 quia
501 2691 581 2772 impii
599 2691 667 2754 licet
684 2710 837 2774 praeconat
856 2691 967 2754 frudun
986 2697 1145 2766 onmtwt,
1164 2690 1235 2752 nihil
1398 2673 1406 2682 ¹

95 2775 193 2831 huten
219 2772 384 2862 producunt
402 2772 457 2832 uisi
474 2769 644 2832 abortivum.

185 2910 220 2986 ⁴.
243 2911 319 2986 Non
345 2917 391 2988 sic
415 2915 521 3010 impii,
549 2917 607 2988 sed
628 2929 779 3010 tanquam
801 2915 988 3009 quisquiliae
1010 2939 1090 3008 quaa
1111 2915 1234 3008 proiicit

94 3035 224 3094 rentur.
452 3043 454 3054 ⁴

177 3159 298 3220 Poterat
307 3160 410 3240 impios
419 3159 548 3222 conferre
558 3157 653 3222 arbori
662 3159 721 3220 cito
730 3159 916 3232 exareeoeuti,
930 3157 1012 3218 sicuti
1022 3155 1235 3234 tractarat,

93 3239 206 3301 eimilee
231 3239 357 3319 myricae
381 3241 410 3298 in
431 3242 542 3302 deserto
561 3240 698 3302 uescenti
717 3257 767 3300 eos
786 3237 862 3298 iacit.
901 3237 961 3298 Sed
979 3237 1035 3298 huc
1053 3237 1235 3300 similitudine

93 3342 155 3382 non
176 3327 339 3393 oontentua,
358 3318 443 3399 longe
462 3321 651 3401 contemptius
669 3337 720 3380 coa
740 3319 846 3380 delicit:
865 3337 969 3399 nempe
988 3319 1055 3398 quia
1074 3337 1133 3378 nou
1147 3321 1233 3400 respi-

93 3403 135 3460 cit
158 3400 267 3460 luctam
289 3399 434 3460 fortunam
458 3401 488 3460 iu
512 3419 569 3480 qua
589 3399 625 3460 ad
645 3399 732 3460 breve
756 3406 869 3479 tempur
894 3397 1054 3459 multant:
1074 3397 1125 3458 aed
1143 3401 1233 3478 magia

94 3479 234 3560 expendit
295 3481 302 3495 '
399 3479 513 3540 demum
527 3499 578 3540 eoa
591 3480 686 3542 exitur
699 3486 823 3540 maneat.
843 3475 952 3538 Sensus
966 3497 1036 3574 erpo
1049 3484 1103 3552 eat,
1124 3475 1233 3556 Quaru-

95 3561 143 3619 via
161 3579 238 3620 nuno
253 3497 385 3618 liticiiei
400 3557 522 3620 habeant
541 3561 636 3642 impii,
655 3579 727 3620 mox
745 3565 843 3620 tamen
863 3557 1023 3654 quisquilia
1037 3557 1143 3617 aimilca
1157 3556 1232 3616 lore:

139 3639 147 3654 ‘
188 3637 238 3700 uhi
259 3637 402 3698 Dominus
426 3657 476 3700 ene
494 3639 532 3701 ad
549 3639 676 3720 inopium
695 3639 849 3720 redegerit,
871 3657 932 3716 rrae
951 3655 1020 3696 auae
1039 3637 1109 3696 flatu
1128 3635 1186 3696 huc
1203 3643 1232 3698 et

94 3658 166 3778 iffi
183 3719 323 3799 dispellet.
342 3717 435 3780 Porro
455 3719 509 3780 hac
526 3719 663 3802 loquendi
682 3718 775 3780 forma
794 3719 880 3778 docet
897 3735 952 3777 noa
965 3713 1089 3796 Spiritus
1108 3723 1232 3792 eruetur,

95 3798 163 3860 fidei
181 3799 275 3860 oculis
289 3798 477 3880 contemplari
492 3799 570 3896 quod
583 3799 692 3880 alioqui
704 3797 867 3860 incredibile
881 3796 971 3856 videri
986 3803 1092 3876 posset.
1122 3793 1231 3876 Quam·

95 3881 139 3940 via
156 3880 235 3940 euim
249 3878 373 3940 emineat
386 3879 491 3960 impiua
503 3885 594 3940 mater
606 3897 744 3962 procerae
757 3877 881 3952 arboria,
899 3882 1024 3938 atatueru
1037 3881 1133 3936 tamen
1148 3895 1232 3956 opor·

96 3965 151 4100 bii
180 3958 367 4099 pdmptvssl
390 3958 518 4040 glumam
541 3958 603 4020 loro
628 3959 748 4022 simulac
779 3959 841 4020 eiua
870 3955 1049 4018 altitudinem
1077 3955 1149 4018 ssutu
1178 3973 1232 4014 auo

138 4060 213 4102 rcere
231 4059 271 4100 vo
360 4057 420 4100 cua.

47 4209 53 4224 ·
183 4196 216 4262 5.
238 4193 410 4286 Propterea
433 4217 499 4262 non
522 4193 697 4264 consistent
718 4192 806 4284 impii
828 4193 860 4260 iu
883 4189 1016 4274 iudicio,
1040 4211 1146 4279 neque
1168 4209 1222 4256 ace

99 4299 181 4368 lereti
204 4303 239 4369 in
261 4301 396 4370 concilio
417 4301 583 4369 tuncrum.
623 4299 655 4368 6.
677 4301 759 4387 Quia
780 4298 871 4366 novit
892 4297 1010 4366 lehova
1032 4295 1116 4364 viam
1138 4294 1222 4361 iusto

98 4431 175 4492 rum,
196 4419 230 4478 et
250 4410 311 4476 iter
332 4407 503 4500 impiorum
526 4405 649 4499 peribit.
912 4495 954 4560 1.
