2726 4888
407 301 642 366 '‘rsrssosr
677 323 766 366 nxrx.
894 347 899 358 ·
1127 327 1182 384 509

31 447 161 521 nditas,
186 463 262 528 qnae
281 465 336 508 nos
357 465 489 530 separare
509 427 610 510 debea't
629 448 664 508 ab
678 449 819 510 immenso
831 439 1018 524 eius'amori,
1037 449 1181 532 qniabys·

23 549 57 586 ss
85 547 205 586 omnes
225 534 255 587 et
274 527 381 587 interos
402 547 519 608 quoqne
539 527 681 589 absorbet.
1210 570 1218 580 ι

96 601 134 669 δῖ
158 609 362 746 Multiplicoti
385 619 455 668 mant
479 631 572 688 supro
596 609 675 690 pilos
694 613 802 696 capitis
820 615 887 669 mei.
928 605 989 668 lem
1009 608 1071 669 sine
1091 607 1182 694 figura

23 687 166 766 zprimit
191 705 251 774 qoo¹
296 687 489 768 metaphorice
514 687 624 748 dixerat
649 687 707 746 tam
734 687 768 748 de
793 685 856 747 luto
881 705 968 768 quem
997 687 1033 750 de
1053 691 1181 750 violento

23 785 171 846 *quarum
197 767 289 825 fluxu.
332 764 404 825 Nam
430 787 517 848 quum
539 769 658 827 instaret
677 763 755 826 tabta
775 765 902 826 bostium
923 765 1094 842 mullitudo,
1119 769 1181 830 iure

28 847 66 904 bi
97 845 255 905 metuebat
279 845 314 905 ab
332 847 497 906 *innumeris
524 843 674 907 mortibus:
719 843 785 907 Nee·
802 864 873 906 vero
899 843 1085 927 hyperbolice
1110 847 1181 910 dicit

23 929 123 986 lum
131 927 245 1008 foisse
260 928 332 1008 pilis
352 949 387 985 co
411 933 460 987 itis
478 934 541 1000 nst,
567 945 657 1006 quum
676 929 730 986 toti
743 921 859 1008 ¹populo
879 943 984 986 exosus
1005 945 1039 986 ac
1059 927 1179 990 detesta-

24 1007 81 1063 ilis
105 1003 202 1064 foret:
223 1009 290 1084 quia
310 951 441 1064 omniius
462 1025 629 1086 persuasum
649 1014 718 1076 erat,
738 1007 857 1084 impium
879 1025 940 1066 csse
961 1006 1191 1074 ausceleratum,
1246 1029 1252 1040 ’

28 1086 133 1144 atriae
163 1085 350 1166 proditorem.
390 1083 504 1144 Deinde
524 1087 629 1145 scimus
650 1104 686 1146 ex
706 1083 795 1145 Sacra
816 1085 947 1158 historia,
973 1105 1061 1166 quarn
1081 1087 1180 1148 mullis

26 1173 39 1221 t
72 1163 185 1224 validis
212 1166 301 1245 copiis
327 1183 393 1224 enm
418 1171 609 1247 persequutus
634 1163 720 1224 inerit
739 1163 817 1224 Saul.
860 1163 991 1246 Capitale
1011 1165 1109 1226 odium
1129 1187 1179 1227 ex.
1203 1169 1221 1192 ‘

23 1245 137 1318 rrimit,
162 1243 261 1304 dicens
280 1243 494 1304 incumberein
515 1263 596 1304 suam
617 1245 780 1325 perniciem,
801 1245 868 1326 quia
889 1242 1029 1304 succisum
1046 1247 1192 1326 captanti·

23 1331 43 1380 rt
74 1319 181 1384 ta'rnen
207 1325 307 1384 assedi
331 1331 443 1404 praeter
467 1325 600 1384 meritum
628 1343 659 1383 se
678 1331 737 1383 tam
759 1323 867 1384 duriter
885 1323 987 1406 affligi,
1012 1325 1079 1406 quia
1099 1327 1179 1395 mn

23 1403 102 1540 pppd
126 1403 249 1463 vertunt
268 1403 366 1484 gratis,
385 1403 553 1542 tapturpderp
574 1403 653 1542 polet
672 1401 805 1542 aednulla
825 1403 1038 1544 ipppurialaesos,
1060 1403 1179 1543 vplma·

23 1490 453 1661 ftffl,·bbbvebindrbnddpeesd
486 1501 578 1622 pppup
593 1502 797 1624 scpppeepnuutppp
817 1489 1180 1624 mtequppnppqqpiopslppp
1287 1561 1290 1568 ’

23 1667 59 1723 3⁰
83 1645 150 1702 eius
171 1641 305 1724 exemplo
326 1641 419 1706 danda
438 1581 521 1702 nobis
542 1661 628 1722 opera
650 1649 707 1717 est,
727 1643 868 1723 siquando
889 1641 1105 1723 affligimur,‘ut
1124 1659 1179 1702 nos

23 1725 168 1782 sustineat
193 1723 388 1783 testimonium
413 1721 505 1782 bonae
524 1724 724 1796 conscientiae,
745 1741 778 1782 ac
798 1721 886 1782 libere
905 1741 1002 1782 eoram
1023 1720 1091 1781 ileo
1112 1741 1179 1803 pro·

23 1803 102 1864 litori
128 1801 214 1861 liceat
239 1800 335 1862 hostes
360 1808 474 1862 nostros
499 1821 561 1861 esse
581 1803 735 1882 gratuitos,
761 1808 790 1862 et
810 1821 869 1881 quo
888 1803 978 1884 magis
999 1801 1115 1862 difficile
1134 1809 1179 1862 est

23 1880 64 1940 ad
90 1879 170 1942 hano
195 1881 418 1944 moderationem
439 1899 614 1952 assuescere,
640 1883 785 1962 somogia
807 1881 1035 1941 eniliconvenit.
1076 1877 1177 1962 Inepta
1207 1943 1211 1949 ,

23 1968 129 2020 autern
149 1979 249 2020 eornm
269 1961 413 2034 mollities,
433 1961 536 2042 quibos
545 1960 721 2022 intolerabile
733 1959 854 2032 videtur,
873 1960 972 2040 iniquo
982 1957 1086 2041 afiligi,
1106 1961 1179 2022 scito

23 2041 171 2100 refellitur
195 2039 284 2100 nobili
304 2041 354 2101 illo
374 2039 500 2102 Socratis
527 2059 673 2122 responso.
714 2037 788 2103 Nam
809 2060 897 2120 qnum
918 2059 993 2102 uxor
1013 2042 1042 2100 in
1062 2057 1178 2100 caruere
1267 2077 1275 2094 ι

23 2121 243 2193 lamentaretur,
264 2121 448 2200 nominique
469 2119 635 2180 damnatum
655 2139 726 2190 esse
747 2117 826 2198 Quid
847 2139 925 2200 ergo,
945 2119 1047 2200 inquis,
1068 2139 1105 2178 an
1120 2117 1178 2179 ¹no-

25 2207 146 2258 centem
224 2199 263 2258 're
287 2199 406 2260 malles?
445 2197 566 2260 Sublicit
586 2203 671 2260 etiam
693 2199 803 2272 David,
830 2219 861 2259 se
880 2219 939 2259 non
959 2199 1046 2260 modo
1066 2199 1177 2258 iniuriis

23 2281 156 2339 luisses
189 2281 287 2354 ictum,
307 2281 357 2339 sed
373 2278 483 2361 ¹probra
503 2281 589 2340 etiam
609 2287 638 2339 et
658 2279 843 2339 contumelias
854 2279 1012 2360 pertulisse,
1033 2279 1177 2340 acsimol·
1214 2298 1217 2317 ¹

25 2367 130 2418 torum
155 2359 293 2419 scelernm
318 2362 466 2418 convictos
486 2358 574 2437 soret,
599 2359 678 2440 quod
703 2359 810 2419 bomini
830 2359 954 2440 ingenuo
975 2357 1103 2418 acerbius
1124 2365 1177 2434 est,

32 2457 122 2517 quam
142 2445 257 2498 centum
277 2437 373 2498 subire
394 2445 510 2498 mortes.
535 2438 618 2500 Multi
639 2439 714 2498 enirn
736 2439 772 2503 ad
792 2447 912 2498 mortem
933 2439 1176 2520 paratiroperien-

32 2525 91 2592 tur,
110 2519 159 2600 qni
177 2519 213 2578 ad
231 2517 375 2578 terendam
395 2518 540 2578 inismiam
560 2537 642 2600 pares
662 2538 720 2577 non
740 2523 833 2577 eruut.
865 2515 943 2578 Dicit
963 2524 1059 2577 autem
1078 2513 1176 2580 David

32 2598 203 2658 non'modo
227 2617 293 2657 suas
318 2598 446 2658 iortnnas
470 2597 557 2658 foisse
583 2617 600 2657 a
641 2591 810 2656 raedonibus
831 2603 940 2680 reptas,
966 2597 1016 2656 sed
1036 2617 1066 2656 se
1086 2599 1177 2657 instar

32 2677 106 2736 iuris
130 2683 158 2738 et
183 2680 305 2758 raptoris
329 2679 492 2737 mutilatum
516 2673 586 2736 esse.
612 2677 613 2689 ¹
652 2685 663 2736 t
688 2685 764 2736 certe
790 2697 879 2756 quum
904 2677 998 2757 ipsum
1018 2677 1176 2758 spoliarent

35 2757 140 2832 hostes,
158 2756 265 2816 iudices
285 2778 316 2817 se
337 2757 465 2818 bominis
479 2757 608 2817 scelerati
629 2775 690 2816 esse
710 2754 863 2816 iactabant:
884 2763 914 2815 et
933 2757 1037 2815 scimus
1057 2755 1177 2818 honori:

37 2837 92 2895 boe
102 2855 152 2916 pro
162 2837 298 2917 iudicibus
309 2837 395 2897 luisse
405 2837 524 2897 habitos.
537 2833 635 2914 Quare
646 2833 854 2896 discamusboo
864 2837 1006 2918 exemplo,
1018 2857 1076 2894 non
1088 2837 1175 2896 modo

39 2916 75 2974 od
86 2917 270 2990 incommoda,
292 2917 443 2992 molestias,
459 2921 580 2978 mortem
593 2916 714 2996 denique
726 2913 836 2998 placide
846 2915 989 2975 ferendam
1001 2935 1054 2974 nos
1063 2935 1175 2998 parare,

38 2997 88 3055 sed
107 2998 187 3055 etiam
206 2997 241 3055 ad
261 2998 429 3077 ignominias
449 3003 479 3057 et
498 2995 612 3078 probra,
632 2997 772 3076 siquando
792 2995 871 3054 falsis
891 2995 1040 3054 calumniis
1061 2997 1174 3076 gravari

38 3095 92 3135 nos
115 3077 263 3154 contingat.
303 3075 364 3136 lmo
389 3097 479 3158 quum
504 3095 541 3136 nc
552 3074 683 3136 Christus
703 3077 764 3157 ipse
776 3075 909 3156 quidem,
930 3075 1174 3136 lonsomnis‘iu·

41 3157 131 3214 stitiae
150 3163 176 3215 et
195 3156 359 3230 sanctitatis,
379 3175 395 3215 a
416 3157 493 3216 falsis
514 3155 661 3215 calumniis
680 3157 815 3216 immunis
836 3155 934 3228 luerit,
961 3175 1013 3216 our
1033 3175 1086 3214 nos
1107 3174 1172 3214 exa-

41 3235 157 3294 nimaret
179 3235 276 3296 similis
301 3235 440 3312 conditio,
466 3235 580 3330 qnando
606 3233 662 3295 boc
687 3241 788 3295 verum
808 3234 957 3316 probitatis
977 3242 1021 3293 est
1041 3253 1174 3306 examen,

43 3308 197 3374 constanter
215 3333 329 3375 manere
347 3317 377 3375 in
397 3317 521 3375 iustitiae
538 3315 674 3376 colendae
694 3315 809 3375 studio?
829 3315 960 3396 quemvis
972 3321 1029 3374 tam
1041 3317 1174 3396 iniquum

44 3396 191 3475 praemium
211 3393 354 3455 amando
375 3403 561 3476 reportemus.
919 3435 921 3442 κ
1147 3455 1148 3458 ,

119 3475 143 3535 6.
163 3477 243 3534 Deras
261 3483 295 3554 tu
313 3485 394 3536 noste·
412 3482 612 3556 insipientium
629 3489 732 3534 meam.
773 3473 888 3534 Frustra
908 3473 1173 3556 laboratdognsti·

46 3571 96 3612 nos
119 3553 258 3634 quomodo
281 3556 311 3614 in
337 3553 484 3615 Christum
510 3553 567 3614 hoc
590 3561 754 3634 competere
777 3555 917 3636 potuerit:
949 3561 978 3614 et
1002 3557 1118 3614 tandem
1143 3557 1173 3615 in

46 3633 163 3692 membra
185 3633 318 3694 broslart
342 3633 421 3714 quod
446 3633 482 3694 de
508 3635 600 3715 eapite
620 3653 678 3693 non
699 3634 801 3694 inisset
821 3635 936 3714 proprie
956 3634 1073 3694 dietum.
1113 3635 1171 3694 llo·

46 3715 105 3772 nico
124 3713 193 3772 enim
211 3713 349 3794 loquutio'
363 3721 420 3782 est,
440 3732 497 3796 qua
519 3711 628 3786 David,
648 3714 753 3794 iniquis
774 3713 921 3773 hominum
942 3715 1052 3774 iudiciis
1072 3735 1172 3794 opres-

46 3811 101 3866 sus,
119 3811 147 3851 se
164 3792 198 3852 ad
210 3789 304 3853 Deum
325 3794 451 3868 confert,
471 3799 594 3874 eumque
613 3793 748 3874 imploras
768 3793 916 3854 vindicem.
938 3785 1002 3854 ilob
1022 3813 1092 3854 vero
1112 3813 1170 3854 rna·

46 3873 86 3952 gis
109 3871 291 3951 emphaticam
315 3881 373 3945 cst,
398 3890 495 3952 qnam·
510 3873 533 3932 si
559 3873 654 3969 palam
674 3881 702 3932 et
722 3873 783 3932 sine
800 3872 894 3956 figura
915 3873 1046 3945 dixisset,
1072 3883 1171 3934 notam
1278 3946 1283 3956 ,

48 3970 105 4012 esse
123 3971 196 4011 snam
215 3953 404 4034 integritatem
424 3952 503 4012 Deos
524 3971 591 4033 qura
612 3951 668 4012 hoe
687 3953 774 4012 modo
797 3953 894 4012 hostes
914 3973 981 4012 suos
1002 3952 1172 4013 mordaciter

49 4031 157 4112 perstrio
176 4033 210 4106 it,
235 4041 264 4092 et
288 4033 369 4113 quasi
394 4051 431 4092 ex
455 4033 514 4092 olto
540 4031 659 4114 despicit
679 4051 779 4094 eorum
799 4033 960 4096 maledieta:
986 4033 1192 4112 quemadmo-

51 4111 113 4169 dom
131 4117 156 4170 et
176 4114 293 4172 eremias
314 4113 450 4193 loquitur,
471 4131 533 4194 cap.
555 4115 604 4185 20,
623 4113 653 4175 7.
693 4111 838 4192 Decepisti
858 4131 905 4192 me
920 4110 1052 4184 Domine,
1073 4120 1103 4172 et
1123 4113 1172 4172 de-
1206 4131 1209 4134 ·
1311 4141 1315 4148 ·

50 4196 140 4270 septos
162 4209 232 4251 sum.
254 4189 331 4270 ·Qoi
350 4193 436 4254 etism
454 4191 535 4252 loeus
554 4193 694 4252 violenter
714 4211 730 4252 a
751 4192 919 4274 quibusdam
939 4191 1062 4252 indoctis
1082 4211 1171 4276 expo·

50 4271 132 4342 nitur,
152 4271 231 4370 qussi
254 4291 286 4333 sc
310 4271 460 4369 deceptum
480 4272 567 4332 fuisse
586 4277 736 4368 assereret:
781 4291 849 4331 unm
864 4271 1083 4412 potinoodiose
1102 4293 1172 4370 spos

52 4351 251 4413 mlumnntores
279 4357 417 4436 exagitet:
449 4371 515 4435 qaus
547 4352 615 4414 dum
646 4369 740 4438 ipsum
769 4370 863 4440 ampro
882 4355 947 4428 ant,
972 4353 1172 4416 contumsbosr
