2726 4888
452 295 508 370 frus
538 296 618 336 rso
635 297 651 336 ι
667 297 704 342 u..
728 299 785 338 unx.
1129 278 1181 362 dil
1221 335 1225 344 .

24 419 150 482 eleusis
170 419 261 480 oeulis
280 419 426 514 mussini
445 427 562 558 puram,
582 421 669 502 impia
693 421 837 483 oblivione
857 425 885 483 iu
902 423 1034 486 naeuus
1054 423 1180 509 mergan-

22 509 105 560 tur=
128 505 160 559 ni
178 517 295 560 necesse
313 506 351 559 ert
371 506 452 580 quotu
471 519 498 559 re
517 521 547 558 1u
566 499 708 560 theutrum
729 521 781 562 uos
793 503 914 578 deduci,
931 503 979 566 ubi
990 504 1045 566 Dei
1065 527 1181 570 manum

24 579 191 659 adspicere
210 597 355 658 cogamur.
397 579 493 659 Atque
514 579 568 639 boc
588 579 670 640 nobis
694 582 724 640 in
746 589 873 644 mentem
898 585 1006 659 veniat,
1031 585 1079 645 ubi
1098 587 1180 648 Deus
1313 589 1316 598 “

23 679 102 720 nou
124 659 220 720 statim
239 665 341 718 contra
359 659 462 740 impios
482 658 624 732 fulminat,
645 679 697 719 uec
717 661 849 722 tolliteos
869 663 1027 738 demedio,
1047 667 1096 725 sed
1117 687 1180 727 seu·

22 742 96 800 sim
118 738 265 800 atterendo
284 739 434 798 consumit.
475 737 569 816 Rogat
593 745 686 800 aulem
714 747 745 800 ut
764 739 846 802 Deus
870 765 920 803 ene
935 747 1035 822 sucini
1054 757 1180 829 nugari.-

23 839 147 899 nempe
168 825 200 878 ut
215 817 348 884 ,bomines
367 819 448 878 mulis
468 826 498 878 et
517 825 641 897 egestate
660 821 767 894 afflicti,
786 820 843 882 buc
861 823 929 883 illue
949 823 1090 899 oberrent,
1110 827 1178 888 dum

22 898 721 1058 ruu‘un'nlidztlunuln·
762 897 851 1040 8⁰⁰³}
879 903 980 999 mn..
1010 907 1180 1043 pn...

24 1061 134 1142 gradu
153 1019 303 1130 detrac’ios,
327 1058 408 1137 quasi
428 1057 463 1116 ad
485 1019 570 1138 pebes
590 1059 698 1139 profici,
714 1023 751 1119 'ut
770 999 1001 1124 irbbluaebblberbb
1020 985 1202 1144 ebbbblbibb,

25 1141 121 1210 couti
144 1158 214 1198 uum
233 1139 291 1196 irae
311 1136 366 1198 Dei
385 1137 579 1217 spectaculum
598 1137 757 1198 exhibeant.
798 1135 887 1218 Quod
899 1161 967 1224 ergo
977 1144 1107 1204 nonnulli
1126 1165 1179 1204 uo·

24 1239 109 1280 meu
157 1222 200 1286 tn
221 1225 337 1278 vertunt
355 1215 530 1291 Exercitum,
549 1225 578 1278 et
595 1219 737 1300 occipiunt
756 1237 810 1298 pro
830 1219 886 1279 Dei
905 1223 1027 1302 populo:
1047 1229 1178 1286 coactum

25 1309 92 1362 eet.
135 1298 236 1360 Potius
254 1295 310 1356 Dei
330 1298 463 1358 virtutem
483 1297 609 1378 appellat
629 1296 722 1358 David
743 1299 779 1358 ad
799 1301 957 1379 perdendos
978 1303 1091 1396 impios,
1111 1305 1179 1384 quia

24 1381 160 1442 termuie
184 1376 286 1458 opibus
314 1377 392 1450 freti,
418 1375 555 1457 putebant
579 1397 611 1438 se
634 1397 695 1438 esse
721 1379 961 1460 inexpugnabiles.
1000 1381 1093 1443 Porro
1120 1403 1178 1463 quo
1262 1403 1264 1413 ·

26 1461 154 1522 faeditas
171 1459 304 1539 impetret
323 1457 402 1536 quod
442 1457 555 1530 ustulat,
576 1460 605 1516 in
625 1458 682 1518 fiuc
702 1460 937 1520 versusosleudil
955 1480 986 1521 se
1000 1481 1114 1522 musam
1134 1470 1166 1522 io

26 1543 98 1602 tius
122 1537 268 1600 Ecclesiae
292 1553 384 1618 egere.
412 1539 417 1550 '
455 1555 490 1596 uc
513 1539 588 1597 euim
613 1543 721 1618 spectat
746 1537 863 1618 pluralis
888 1559 1037 1611 uumerus,
1062 1545 1181 1624 elypeum

28 1631 142 1682 meter
161 1621 298 1678 mnne.
338 1615 377 1676 Et
400 1621 477 1676 certe
501 1619 568 1696 quio
593 1609 728 1676 divinirui
751 1617 860 1704 electus
881 1628 942 1679 orat
960 1621 990 1680 in
1009 1619 1128 1701 Regem,
1148 1623 1177 1682 in

28 1703 102 1760 eius
122 1716 244 1780 peream
263 1696 461 1756 continebatur
479 1697 556 1756 salus
565 1694 715 1757 Ecclesiae.
746 1695 870 1776 ldeoque
889 1718 948 1758 uon
962 1702 1096 1780 privatim
1116 1703 1178 1782 ipse
1202 1702 1205 1728 ⁸
1271 1722 1277 1732 ¹

29 1779 239 1918 impetebatur,
259 1775 309 1836 sed
329 1784 407 1837 tutus
428 1775 560 1856 populus,
579 1777 754 1836 cuiuesaluti
767 1775 824 1836 buc
842 1777 1087 1840 modocousulerd
1098 1777 1178 1840 Deus

33 1859 166 1922 voabac
207 1855 313 1916 Eadem
339 1857 424 1915 etiem
449 1855 503 1914 luit
529 1858 600 1916 ratio
620 1875 672 1915 eur
691 1856 830 1935 patienter
849 1857 945 1918 tulerit
964 1857 1060 1918 Deum
1079 1859 1178 1919 ruode-
1230 1863 1232 1870 '
1269 1923 1272 1929 ,

34 1939 100 1999 nuri
118 1957 169 1998 aue
189 1936 301 2009 iudicia,
322 1937 403 1994 utin
423 1933 533 1994 amidua
554 1955 653 1995 eurum
674 1935 855 1996 meditatione
878 1937 1017 2017 populum
1036 1940 1176 2000 retineret.

122 2019 351 2080 referentum
370 2023 441 2076 orio·
481 2013 660 2074 Subaudiuut
679 2015 795 2094 quidam
815 2017 983 2097 interpretes
1008 2018 1177 2098 particulam

33 2097 184 2158 causalem
198 2105 332 2178 propter,
356 2101 390 2154 ut
409 2093 560 2154 cohaereat
584 2094 654 2155 baec
673 2097 811 2154 sententio
830 2115 896 2155 cum
916 2099 1061 2178 sepeliere
1080 2117 1175 2158 versu.

31 2177 75 2238 Et
100 2184 180 2238 certe
202 2195 261 2235 nou
285 2174 402 2234 dubium
428 2181 472 2234 est
492 2175 561 2254 quin
586 2173 633 2234 bic
656 2175 694 2234 sit
713 2191 814 2236 musae
832 2174 963 2246 redditio,
982 2196 1034 2236 cur
1053 2196 1177 2257 aequum

30 2262 75 2317 eit
100 2275 154 2318 eos
170 2253 285 2328 iactari,
310 2261 342 2314 ut
366 2253 510 2314 instabiles
534 2261 561 2314 et
587 2254 707 2333 inquieti
731 2271 844 2334 semper
869 2262 1016 2335 vagentur.
1058 2255 1177 2315 Otimc
1221 2249 1225 2268 '

30 2345 138 2397 tamen
157 2335 307 2407 conueniet
326 2333 446 2429 ubmpla
466 2339 496 2393 ei
514 2332 784 2428 delectivnlocutio:
805 2335 862 2394 acsi
883 2279 1106 2432 diceretolbevii
1118 2355 1176 2430 nou

32 2415 550 2577 lt}:.·.“;.¹.t.tt.f¹⁰l:23alt?
569 2413 1178 2574 lsst,⁸:.l;⁰.l“..⁰⁰.‘.⁰.¹:.¹ttl*”,.t
1222 2485 1225 2490 ¹

32 2578 133 2658 plenis
152 2575 247 2636 buccis
267 2572 426 2654 superbiam
447 2579 476 2632 et
490 2571 683 2632 crudelitatem
703 2591 783 2631 suam
798 2579 943 2634 evomunt.
983 2573 1081 2654 Atque
1099 2573 1177 2634 bunc

32 2675 157 2716 sensum
177 2653 327 2717 eoulirmat
346 2653 423 2733 quud
448 2653 584 2748 contiuuo
609 2659 674 2746 post
700 2653 842 2746 sequitur,
866 2655 1119 2733 depmbmdunlur
1143 2661 1177 2714 iu

32 2729 1174 2894 illinit..lintiziilbi:⁰.3;tlt:‡.lttl.tln²²”s¹;2:

32 2896 149 2956 cialiter
169 2895 269 2956 deiude
293 2892 418 2974 explicat
437 2891 584 2972 quomodo
604 2891 710 2950 rcelera
730 2909 781 2949 sua
802 2907 851 2950 ore
870 2890 1041 2970 proferrent,
1062 2891 1174 2955 euadi-
1247 2939 1251 2958 ‚

32 2995 107 3036 neus
126 2977 212 3036 uerbo
225 2961 331 3054 “focem
350 2976 386 3034 de
404 2979 604 3032 exsecratione
623 2981 651 3032 el
669 2971 832 3030 nmdocto.
873 2967 941 3048 Quo
960 2969 1048 3030 verbo
1069 2969 1174 3048 siguifi-

31 3063 95 3130 cat,
115 3056 186 3116 nibil
206 3059 317 3136 praeter
336 3052 410 3112 diras
430 3051 640 3111 maledictiones
658 3069 788 3130 crepare,
813 3056 947 3130 totosque
966 3069 1027 3109 esse
1047 3049 1174 3110 addictos

31 3135 185 3198 frondibus
204 3142 233 3194 et
253 3133 409 3194 calumniis.
450 3129 510 3208 Qui
530 3132 642 3212 passive
661 3131 803 3209 accipiunt
827 3129 946 3190 verbum
966 3133 1053 3202 ἾΞΌ,
1079 3147 1113 3190 oc
1132 3129 1174 3188 in·

31 3221 240 3297 terpretantur,
264 3211 297 3273 ln
321 3212 485 3292 exemplum
509 3210 571 3270 iore
597 3211 735 3270 vindictae
755 3207 810 3268 Dei
835 3209 937 3290 impios
962 3208 1065 3289 quibus
1085 3214 1175 3269 certus

31 3305 65 3356 ct
92 3293 289 3436 ιιιειιίξιιὶιέιῑω
314 3293 375 3354 eius
399 3299 482 3352 nolus
511 3290 672 3372 insculpsit:
700 3289 815 3370 lougius
845 3289 978 3349 videntur
1001 3288 1175 3349 recederes

30 3383 135 3437 urcule
183 3377 228 3435 evi
250 3375 280 3434 ἰ.

131 3534 181 3606 14.
198 3538 370 3620 Consume,
381 3539 412 3603 in
425 3537 529 3604 lurore
541 3557 703 3616 consume,
719 3543 755 3602 ul
766 3557 831 3601 non
843 3534 919 3600 sint:
940 3543 972 3600 et
983 3543 1176 3624 cognoscant

32 3647 128 3740 quod
152 3647 240 3714 Deus
262 3645 440 3726 dominator
461 3643 502 3711 sit
519 3643 555 3709 iu
572 3641 673 3724 larob,
695 3663 798 3732 usque
820 3637 960 3707 adfines
983 3649 1093 3708 terrac.
1121 3637 1176 3708 Se

32 3754 99 3822 luh.
149 3755 200 3820 15.
227 3750 270 3819 Et
295 3759 492 3820 renouentur
520 3747 559 3814 ad
580 3770 768 3839 vesperum:
791 3745 950 3814 latrabunt
970 3754 1007 3812 ut
1027 3745 1122 3828 cauis,
1143 3755 1177 3814 et

32 3859 213 3928 circuibunt
239 3858 360 3925 urbem.
413 3855 465 3924 16.
492 3854 556 3945 lpsi
582 3853 779 3946 vagabuntur
806 3851 845 3918 ad
873 3852 1121 3922 comedendumr
1148 3851 1175 3917 si
1231 3839 1237 3848 ¹

33 3991 105 4034 non
133 3965 247 4036 luerint
269 3960 411 4048 satuiati,
438 3961 532 4031 etiem
555 3957 793 4052 pernoctabunt.
840 3957 891 4026 17.
915 3955 984 4050 Ego
1006 3979 1083 4054 vero
1106 3979 1176 4025 can·

33 4075 113 4141 labo
135 4072 351 4141 fortitudinem
374 4080 472 4155 tuum,
492 4062 629 4134 laudabo
645 4091 739 4134 mane
755 4065 953 4134 clementiam
974 4073 1077 4131 tuum:
1100 4061 1173 4151 quin

33 4180 124 4256 luisti
146 4203 202 4247 arx
224 4177 310 4262 mihi,
333 4187 366 4245 et
387 4174 543 4268 refugium
565 4173 598 4240 iu
621 4173 671 4241 die
682 4171 889 4240 tribulationis
900 4192 999 4238 meae.
1035 4169 1087 4235 18.
1099 4167 1174 4234 For-

34 4285 138 4354 titudo
161 4309 231 4354 mco
254 4285 294 4354 ad
316 4293 357 4370 te,
378 4281 524 4375 psallam:
547 4277 729 4372 prieneus
751 4302 807 4345 arx
830 4301 911 4360 mea,
928 4273 1018 4343 Deus
1041 4273 1174 4342 clemen·

34 4394 97 4462 tiae
122 4415 223 4460 meae.

796 4448 856 4538 29'*
