<?xml version="1.0" encoding="UTF-8"?>
<!DOCTYPE html PUBLIC "-//W3C//DTD XHTML 1.0 Transitional//EN"
    "http://www.w3.org/TR/xhtml1/DTD/xhtml1-transitional.dtd">
<html xmlns="http://www.w3.org/1999/xhtml" xml:lang="en" lang="en">
 <head>
  <title>
</title>
<meta http-equiv="Content-Type" content="text/html;charset=utf-8" />
  <meta name='ocr-system' content='tesseract 3.04.00' />
  <meta name='ocr-capabilities' content='ocr_page ocr_carea ocr_par ocr_line ocrx_word'/>
</head>
<body>
  <div class='ocr_page' id='page_1' title='image "./ioanniscalvinii03tholgoog_0091.png"; bbox 0 0 2818 4886; ppageno 0'>
   <div class='ocr_carea' id='block_1_1' title="bbox 148 196 853 266">
    <p class='ocr_par' dir='ltr' id='par_1_1' title="bbox 148 196 853 266">
     <span class='ocr_line' id='line_1_1' title="bbox 148 196 853 266; baseline -0.009 -14"><span class='ocrx_word' id='word_1_1' title='bbox 148 212 187 266; x_wconf 64' lang='grc' dir='ltr'><em>ῃ</em></span> <span class='ocrx_word' id='word_1_2' title='bbox 567 196 853 252; x_wconf 71' lang='grc' dir='ltr'><strong>ἰ.οιι.ιιιιιιι</strong></span> 
     </span>
    </p>
   </div>
   <div class='ocr_carea' id='block_1_2' title="bbox 76 287 1300 713">
    <p class='ocr_par' dir='ltr' id='par_1_2' title="bbox 76 287 1300 713">
     <span class='ocr_line' id='line_1_2' title="bbox 76 287 1295 430; baseline -0.001 -32"><span class='ocrx_word' id='word_1_3' title='bbox 76 311 80 360; x_wconf 73' lang='lat'>¹</span> <span class='ocrx_word' id='word_1_4' title='bbox 154 353 220 398; x_wconf 81' lang='lat' dir='ltr'><strong>urm</strong></span> <span class='ocrx_word' id='word_1_5' title='bbox 245 352 297 394; x_wconf 87' lang='lat' dir='ltr'><strong>sua</strong></span> <span class='ocrx_word' id='word_1_6' title='bbox 356 337 403 392; x_wconf 84' lang='lat' dir='ltr'><strong>nte</strong></span> <span class='ocrx_word' id='word_1_7' title='bbox 433 287 615 414; x_wconf 73' lang='lat' dir='ltr'><strong>expostuldre</strong></span> <span class='ocrx_word' id='word_1_8' title='bbox 641 329 750 414; x_wconf 83' lang='lat' dir='ltr'><strong>poluit,</strong></span> <span class='ocrx_word' id='word_1_9' title='bbox 768 331 854 413; x_wconf 69' lang='lat' dir='ltr'><strong>quod</strong></span> <span class='ocrx_word' id='word_1_10' title='bbox 872 329 968 392; x_wconf 80' lang='lat' dir='ltr'><strong>nulus</strong></span> <span class='ocrx_word' id='word_1_11' title='bbox 986 329 1111 414; x_wconf 79' lang='lat' dir='ltr'><strong>bospitio</strong></span> <span class='ocrx_word' id='word_1_12' title='bbox 1131 329 1295 430; x_wconf 68' lang='lat' dir='ltr'><strong>prolum</strong></span> 
     </span>
     <span class='ocr_line' id='line_1_3' title="bbox 152 411 1295 496; baseline -0.003 -20"><span class='ocrx_word' id='word_1_13' title='bbox 152 415 284 496; x_wconf 76' lang='lat' dir='ltr'><strong>excipere</strong></span> <span class='ocrx_word' id='word_1_14' title='bbox 329 415 439 492; x_wconf 86' lang='lat' dir='ltr'><strong>ignatus</strong></span> <span class='ocrx_word' id='word_1_15' title='bbox 455 417 540 472; x_wconf 79' lang='lat' dir='ltr'><strong>esset</strong></span> <span class='ocrx_word' id='word_1_16' title='bbox 571 411 630 472; x_wconf 84' lang='lat' dir='ltr'><strong>Sed</strong></span> <span class='ocrx_word' id='word_1_17' title='bbox 649 431 702 494; x_wconf 89' lang='lat' dir='ltr'><strong>ego</strong></span> <span class='ocrx_word' id='word_1_18' title='bbox 722 411 806 478; x_wconf 83' lang='lat' dir='ltr'><strong>allius</strong></span> <span class='ocrx_word' id='word_1_19' title='bbox 821 428 888 472; x_wconf 89' lang='lat' dir='ltr'><strong>eum</strong></span> <span class='ocrx_word' id='word_1_20' title='bbox 901 411 1200 492; x_wconf 82' lang='lat' dir='ltr'><strong>respicereexietrmo,</strong></span> <span class='ocrx_word' id='word_1_21' title='bbox 1219 425 1295 473; x_wconf 75' lang='lat' dir='ltr'><strong>narn</strong></span> 
     </span>
     <span class='ocr_line' id='line_1_4' title="bbox 153 490 1300 576; baseline -0.001 -23"><span class='ocrx_word' id='word_1_22' title='bbox 153 515 243 576; x_wconf 81' lang='lat' dir='ltr'><strong>quum</strong></span> <span class='ocrx_word' id='word_1_23' title='bbox 264 492 391 570; x_wconf 85' lang='lat' dir='ltr'><strong>certatim</strong></span> <span class='ocrx_word' id='word_1_24' title='bbox 410 509 509 566; x_wconf 87' lang='lat' dir='ltr'><strong>omnes</strong></span> <span class='ocrx_word' id='word_1_25' title='bbox 523 490 559 552; x_wconf 86' lang='lat' dir='ltr'><strong>ad</strong></span> <span class='ocrx_word' id='word_1_26' title='bbox 571 491 795 572; x_wconf 85' lang='lat' dir='ltr'><strong>desperationem</strong></span> <span class='ocrx_word' id='word_1_27' title='bbox 810 511 876 550; x_wconf 89' lang='lat' dir='ltr'><strong>eum</strong></span> <span class='ocrx_word' id='word_1_28' title='bbox 890 491 1081 572; x_wconf 72' lang='lat' dir='ltr'><strong>impellerent,</strong></span> <span class='ocrx_word' id='word_1_29' title='bbox 1100 490 1219 553; x_wconf 61' lang='lat' dir='ltr'><strong>aeoeme</strong></span> <span class='ocrx_word' id='word_1_30' title='bbox 1232 493 1300 554; x_wconf 78' lang='lat' dir='ltr'><strong>init-</strong></span> 
     </span>
     <span class='ocr_line' id='line_1_5' title="bbox 151 569 1294 713; baseline -0.001 -80"><span class='ocrx_word' id='word_1_31' title='bbox 151 594 205 713; x_wconf 89' lang='lat' dir='ltr'><strong>pro</strong></span> <span class='ocrx_word' id='word_1_32' title='bbox 226 573 316 631; x_wconf 87' lang='lat' dir='ltr'><strong>carnis</strong></span> <span class='ocrx_word' id='word_1_33' title='bbox 336 569 503 632; x_wconf 84' lang='lat' dir='ltr'><strong>inlimuitute</strong></span> <span class='ocrx_word' id='word_1_34' title='bbox 516 591 575 632; x_wconf 87' lang='lat' dir='ltr'><strong>uon</strong></span> <span class='ocrx_word' id='word_1_35' title='bbox 594 571 695 632; x_wconf 85' lang='lat' dir='ltr'><strong>leviter</strong></span> <span class='ocrx_word' id='word_1_36' title='bbox 713 591 781 632; x_wconf 88' lang='lat' dir='ltr'><strong>eum</strong></span> <span class='ocrx_word' id='word_1_37' title='bbox 800 569 925 652; x_wconf 75' lang='lat' dir='ltr'>percelli,</span> <span class='ocrx_word' id='word_1_38' title='bbox 944 571 994 632; x_wconf 85' lang='lat' dir='ltr'><strong>sed</strong></span> <span class='ocrx_word' id='word_1_39' title='bbox 1013 571 1062 631; x_wconf 86' lang='lat' dir='ltr'><strong>sed</strong></span> <span class='ocrx_word' id='word_1_40' title='bbox 1078 571 1137 631; x_wconf 87' lang='lat' dir='ltr'><strong>lide</strong></span> <span class='ocrx_word' id='word_1_41' title='bbox 1150 573 1294 646; x_wconf 85' lang='lat' dir='ltr'><strong>munitus,</strong></span> 
     </span>
    </p>
   </div>
   <div class='ocr_carea' id='block_1_3' title="bbox 29 645 1361 4394">
    <p class='ocr_par' dir='ltr' id='par_1_3' title="bbox 29 645 1361 4394">
     <span class='ocr_line' id='line_1_6' title="bbox 164 645 1295 733; baseline 0.001 -21"><span class='ocrx_word' id='word_1_42' title='bbox 164 652 291 733; x_wconf 86' lang='lat' dir='ltr'><strong>nterpide</strong></span> <span class='ocrx_word' id='word_1_43' title='bbox 311 656 340 710; x_wconf 93' lang='lat' dir='ltr'><strong>et</strong></span> <span class='ocrx_word' id='word_1_44' title='bbox 359 657 521 712; x_wconf 74' lang='lat' dir='ltr'><strong>constanter</strong></span> <span class='ocrx_word' id='word_1_45' title='bbox 539 652 569 712; x_wconf 93' lang='lat' dir='ltr'><strong>in</strong></span> <span class='ocrx_word' id='word_1_46' title='bbox 582 649 640 712; x_wconf 88' lang='lat' dir='ltr'><strong>Dei</strong></span> <span class='ocrx_word' id='word_1_47' title='bbox 658 652 860 731; x_wconf 75' lang='lat' dir='ltr'>promissiones</span> <span class='ocrx_word' id='word_1_48' title='bbox 879 649 1017 724; x_wconf 70' lang='lat' dir='ltr'><strong>recubuit,</strong></span> <span class='ocrx_word' id='word_1_49' title='bbox 1036 658 1070 710; x_wconf 84' lang='lat' dir='ltr'><strong>ut</strong></span> <span class='ocrx_word' id='word_1_50' title='bbox 1082 645 1295 712; x_wconf 75' lang='lat' dir='ltr'><strong>unuuoriibur</strong></span> 
     </span>
     <span class='ocr_line' id='line_1_7' title="bbox 152 729 1293 812; baseline -0.003 -19"><span class='ocrx_word' id='word_1_51' title='bbox 152 733 269 794; x_wconf 88' lang='lat' dir='ltr'><strong>minime</strong></span> <span class='ocrx_word' id='word_1_52' title='bbox 294 730 414 790; x_wconf 70' lang='lat' dir='ltr'><strong>edema</strong></span> <span class='ocrx_word' id='word_1_53' title='bbox 447 729 507 790; x_wconf 85' lang='lat' dir='ltr'><strong>Has</strong></span> <span class='ocrx_word' id='word_1_54' title='bbox 532 729 691 812; x_wconf 76' lang='lat' dir='ltr'><strong>spirituales</strong></span> <span class='ocrx_word' id='word_1_55' title='bbox 711 732 807 806; x_wconf 64' lang='lat' dir='ltr'><strong>,luctas</strong></span> <span class='ocrx_word' id='word_1_56' title='bbox 831 749 909 790; x_wconf 90' lang='lat' dir='ltr'><strong>nunc</strong></span> <span class='ocrx_word' id='word_1_57' title='bbox 934 737 1155 804; x_wconf 79' lang='lat' dir='ltr'><strong>commemoret,</strong></span> <span class='ocrx_word' id='word_1_58' title='bbox 1180 730 1293 811; x_wconf 84' lang='lat' dir='ltr'><strong>quibus</strong></span> 
     </span>
     <span class='ocr_line' id='line_1_8' title="bbox 151 807 1292 892; baseline -0.003 -19"><span class='ocrx_word' id='word_1_59' title='bbox 151 813 227 874; x_wconf 87' lang='lat' dir='ltr'><strong>inter</strong></span> <span class='ocrx_word' id='word_1_60' title='bbox 246 810 345 870; x_wconf 82' lang='lat' dir='ltr'><strong>ultima</strong></span> <span class='ocrx_word' id='word_1_61' title='bbox 365 809 523 870; x_wconf 85' lang='lat' dir='ltr'><strong>discrimina</strong></span> <span class='ocrx_word' id='word_1_62' title='bbox 542 831 608 871; x_wconf 89' lang='lat' dir='ltr'><strong>enm</strong></span> <span class='ocrx_word' id='word_1_63' title='bbox 628 812 756 871; x_wconf 79' lang='lat' dir='ltr'><strong>exercuit</strong></span> <span class='ocrx_word' id='word_1_64' title='bbox 769 809 858 871; x_wconf 84' lang='lat' dir='ltr'><strong>Deus.</strong></span> <span class='ocrx_word' id='word_1_65' title='bbox 882 809 984 892; x_wconf 82' lang='lat' dir='ltr'><strong>ltaque</strong></span> <span class='ocrx_word' id='word_1_66' title='bbox 1001 807 1149 871; x_wconf 79' lang='lat' dir='ltr'><strong>Psalmum</strong></span> <span class='ocrx_word' id='word_1_67' title='bbox 1163 814 1220 886; x_wconf 74' lang='lat' dir='ltr'><strong>&lt;ut</strong></span> <span class='ocrx_word' id='word_1_68' title='bbox 1233 828 1292 870; x_wconf 84' lang='lat' dir='ltr'><strong>nu-</strong></span> 
     </span>
     <span class='ocr_line' id='line_1_9' title="bbox 173 888 1293 971; baseline 0 -21"><span class='ocrx_word' id='word_1_69' title='bbox 173 910 205 950; x_wconf 91' lang='lat' dir='ltr'><strong>er</strong></span> <span class='ocrx_word' id='word_1_70' title='bbox 224 889 371 968; x_wconf 83' lang='lat' dir='ltr'><strong>admonui)</strong></span> <span class='ocrx_word' id='word_1_71' title='bbox 390 891 420 949; x_wconf 87' lang='lat' dir='ltr'><strong>in</strong></span> <span class='ocrx_word' id='word_1_72' title='bbox 439 891 497 950; x_wconf 89' lang='lat' dir='ltr'><strong>duo</strong></span> <span class='ocrx_word' id='word_1_73' title='bbox 516 890 643 958; x_wconf 85' lang='lat' dir='ltr'><strong>membra</strong></span> <span class='ocrx_word' id='word_1_74' title='bbox 662 888 832 970; x_wconf 81' lang='lat' dir='ltr'><strong>distinguere</strong></span> <span class='ocrx_word' id='word_1_75' title='bbox 851 890 996 951; x_wconf 73' lang='lat' dir='ltr'><strong>convenil</strong></span> <span class='ocrx_word' id='word_1_76' title='bbox 1026 889 1191 971; x_wconf 77' lang='lat' dir='ltr'><strong>Antequm</strong></span> <span class='ocrx_word' id='word_1_77' title='bbox 1210 889 1293 950; x_wconf 85' lang='lat' dir='ltr'><strong>enim</strong></span> 
     </span>
     <span class='ocr_line' id='line_1_10' title="bbox 151 911 1355 1052; baseline 0.003 -22"><span class='ocrx_word' id='word_1_78' title='bbox 151 911 210 1032; x_wconf 68' lang='lat' dir='ltr'><strong>iret</strong></span> <span class='ocrx_word' id='word_1_79' title='bbox 232 969 368 1029; x_wconf 82' lang='lat' dir='ltr'><strong>iustitiam</strong></span> <span class='ocrx_word' id='word_1_80' title='bbox 392 971 422 1030; x_wconf 88' lang='lat' dir='ltr'><strong>in</strong></span> <span class='ocrx_word' id='word_1_81' title='bbox 440 970 546 1030; x_wconf 86' lang='lat' dir='ltr'><strong>tuenda</strong></span> <span class='ocrx_word' id='word_1_82' title='bbox 565 971 678 1052; x_wconf 88' lang='lat' dir='ltr'><strong>piorum</strong></span> <span class='ocrx_word' id='word_1_83' title='bbox 697 971 788 1032; x_wconf 86' lang='lat' dir='ltr'><strong>salute</strong></span> <span class='ocrx_word' id='word_1_84' title='bbox 807 969 930 1032; x_wconf 85' lang='lat' dir='ltr'><strong>celebret</strong></span> <span class='ocrx_word' id='word_1_85' title='bbox 948 967 1060 1042; x_wconf 84' lang='lat' dir='ltr'><strong>David,</strong></span> <span class='ocrx_word' id='word_1_86' title='bbox 1084 987 1117 1030; x_wconf 86' lang='lat' dir='ltr'><strong>re</strong></span> <span class='ocrx_word' id='word_1_87' title='bbox 1135 989 1203 1030; x_wconf 85' lang='lat' dir='ltr'><strong>oum</strong></span> <span class='ocrx_word' id='word_1_88' title='bbox 1221 970 1291 1050; x_wconf 78' lang='lat' dir='ltr'><strong>ipsa</strong></span> <span class='ocrx_word' id='word_1_89' title='bbox 1348 1027 1355 1034; x_wconf 88' lang='lat'>.</span> 
     </span>
     <span class='ocr_line' id='line_1_11' title="bbox 152 1049 1293 1130; baseline -0.001 -19"><span class='ocrx_word' id='word_1_90' title='bbox 152 1055 250 1112; x_wconf 74' lang='lat' dir='ltr'><strong>morse,</strong></span> <span class='ocrx_word' id='word_1_91' title='bbox 264 1049 424 1110; x_wconf 79' lang='lat' dir='ltr'><strong>conflixisse</strong></span> <span class='ocrx_word' id='word_1_92' title='bbox 444 1052 575 1130; x_wconf 82' lang='lat' dir='ltr'><strong>exponit:</strong></span> <span class='ocrx_word' id='word_1_93' title='bbox 595 1055 626 1110; x_wconf 83' lang='lat' dir='ltr'><strong>et</strong></span> <span class='ocrx_word' id='word_1_94' title='bbox 639 1056 735 1111; x_wconf 81' lang='lat' dir='ltr'><strong>tamen</strong></span> <span class='ocrx_word' id='word_1_95' title='bbox 748 1049 806 1110; x_wconf 88' lang='lat' dir='ltr'><strong>lide</strong></span> <span class='ocrx_word' id='word_1_96' title='bbox 819 1057 953 1130; x_wconf 85' lang='lat' dir='ltr'><strong>rectaque</strong></span> <span class='ocrx_word' id='word_1_97' title='bbox 966 1051 1137 1112; x_wconf 83' lang='lat' dir='ltr'><strong>conscientia</strong></span> <span class='ocrx_word' id='word_1_98' title='bbox 1152 1051 1293 1130; x_wconf 81' lang='lat' dir='ltr'><strong>adeptum</strong></span> 
     </span>
     <span class='ocr_line' id='line_1_12' title="bbox 151 1129 1292 1210; baseline -0.001 -19"><span class='ocrx_word' id='word_1_99' title='bbox 151 1149 215 1191; x_wconf 85' lang='lat' dir='ltr'><strong>esse</strong></span> <span class='ocrx_word' id='word_1_100' title='bbox 238 1129 395 1188; x_wconf 74' lang='grc' dir='ltr'><strong>νίιιῑοιίιιιιι.</strong></span> <span class='ocrx_word' id='word_1_101' title='bbox 439 1129 523 1191; x_wconf 83' lang='grc' dir='ltr'><strong>Ιιιὶῑίο</strong></span> <span class='ocrx_word' id='word_1_102' title='bbox 548 1130 683 1210; x_wconf 86' lang='lat' dir='ltr'><strong>quoniam</strong></span> <span class='ocrx_word' id='word_1_103' title='bbox 709 1129 865 1192; x_wconf 85' lang='lat' dir='ltr'><strong>suadebant</strong></span> <span class='ocrx_word' id='word_1_104' title='bbox 896 1149 997 1191; x_wconf 87' lang='lat' dir='ltr'><strong>omues</strong></span> <span class='ocrx_word' id='word_1_105' title='bbox 1015 1136 1049 1190; x_wconf 88' lang='lat' dir='ltr'><strong>ut</strong></span> <span class='ocrx_word' id='word_1_106' title='bbox 1066 1129 1166 1190; x_wconf 85' lang='lat' dir='ltr'><strong>relicta</strong></span> <span class='ocrx_word' id='word_1_107' title='bbox 1185 1129 1292 1210; x_wconf 76' lang='lat' dir='ltr'><strong>pulsia,</strong></span> 
     </span>
     <span class='ocr_line' id='line_1_13' title="bbox 151 1207 1291 1292; baseline 0 -24"><span class='ocrx_word' id='word_1_108' title='bbox 151 1212 183 1288; x_wconf 84' lang='lat' dir='ltr'><strong>in</strong></span> <span class='ocrx_word' id='word_1_109' title='bbox 207 1208 322 1288; x_wconf 81' lang='lat' dir='ltr'><strong>aliquod</strong></span> <span class='ocrx_word' id='word_1_110' title='bbox 345 1207 462 1268; x_wconf 83' lang='lat' dir='ltr'><strong>exilium</strong></span> <span class='ocrx_word' id='word_1_111' title='bbox 481 1228 513 1269; x_wconf 86' lang='lat' dir='ltr'><strong>se</strong></span> <span class='ocrx_word' id='word_1_112' title='bbox 531 1209 661 1284; x_wconf 88' lang='lat' dir='ltr'><strong>abderet,</strong></span> <span class='ocrx_word' id='word_1_113' title='bbox 686 1217 720 1270; x_wconf 91' lang='lat' dir='ltr'><strong>ut</strong></span> <span class='ocrx_word' id='word_1_114' title='bbox 738 1209 816 1274; x_wconf 85' lang='lat' dir='ltr'><strong>nulla</strong></span> <span class='ocrx_word' id='word_1_115' title='bbox 835 1229 901 1292; x_wconf 81' lang='lat' dir='ltr'><strong>spes</strong></span> <span class='ocrx_word' id='word_1_116' title='bbox 919 1212 996 1271; x_wconf 83' lang='lat' dir='ltr'><strong>vitae</strong></span> <span class='ocrx_word' id='word_1_117' title='bbox 1011 1209 1127 1270; x_wconf 83' lang='lat' dir='ltr'><strong>residua</strong></span> <span class='ocrx_word' id='word_1_118' title='bbox 1146 1210 1174 1270; x_wconf 90' lang='lat' dir='ltr'><strong>ei</strong></span> <span class='ocrx_word' id='word_1_119' title='bbox 1192 1209 1291 1279; x_wconf 68' lang='lat' dir='ltr'><strong>lieret,</strong></span> 
     </span>
     <span class='ocr_line' id='line_1_14' title="bbox 152 1283 1291 1372; baseline -0.001 -23"><span class='ocrx_word' id='word_1_120' title='bbox 152 1289 207 1350; x_wconf 89' lang='lat' dir='ltr'><strong>nisi</strong></span> <span class='ocrx_word' id='word_1_121' title='bbox 232 1283 262 1348; x_wconf 90' lang='lat' dir='ltr'><strong>s&#39;e</strong></span> <span class='ocrx_word' id='word_1_122' title='bbox 286 1287 427 1348; x_wconf 83' lang='lat' dir='ltr'><strong>abdicaret</strong></span> <span class='ocrx_word' id='word_1_123' title='bbox 451 1290 628 1370; x_wconf 84' lang='lat' dir='ltr'><strong>opromisso</strong></span> <span class='ocrx_word' id='word_1_124' title='bbox 647 1287 764 1372; x_wconf 64' lang='lat' dir='ltr'><strong>Regno:</strong></span> <span class='ocrx_word' id='word_1_125' title='bbox 786 1289 855 1350; x_wconf 87' lang='lat' dir='ltr'><strong>huie</strong></span> <span class='ocrx_word' id='word_1_126' title='bbox 873 1307 1008 1372; x_wconf 80' lang='lat' dir='ltr'><strong>perverso</strong></span> <span class='ocrx_word' id='word_1_127' title='bbox 1028 1290 1147 1352; x_wconf 72' lang='lat' dir='ltr'><strong>conuliu</strong></span> <span class='ocrx_word' id='word_1_128' title='bbox 1167 1288 1291 1368; x_wconf 63' lang='lat' dir='ltr'><strong>suerin,</strong></span> 
     </span>
     <span class='ocr_line' id='line_1_15' title="bbox 154 1363 1291 1450; baseline 0.001 -22"><span class='ocrx_word' id='word_1_129' title='bbox 154 1367 220 1429; x_wconf 87' lang='lat' dir='ltr'><strong>Deo</strong></span> <span class='ocrx_word' id='word_1_130' title='bbox 244 1367 364 1426; x_wconf 88' lang='lat' dir='ltr'><strong>liduelue</strong></span> <span class='ocrx_word' id='word_1_131' title='bbox 388 1369 526 1450; x_wconf 86' lang='lat' dir='ltr'><strong>clypeum</strong></span> <span class='ocrx_word' id='word_1_132' title='bbox 548 1369 675 1450; x_wconf 86' lang='lat' dir='ltr'><strong>opponit.</strong></span> <span class='ocrx_word' id='word_1_133' title='bbox 705 1369 764 1430; x_wconf 90' lang='lat' dir='ltr'><strong>Sed</strong></span> <span class='ocrx_word' id='word_1_134' title='bbox 788 1377 941 1448; x_wconf 81' lang='lat' dir='ltr'><strong>antequam</strong></span> <span class='ocrx_word' id='word_1_135' title='bbox 967 1370 1003 1430; x_wconf 89' lang='lat' dir='ltr'><strong>de</strong></span> <span class='ocrx_word' id='word_1_136' title='bbox 1026 1363 1165 1450; x_wconf 72' lang='lat' dir='ltr'><strong>re&#39;pluru</strong></span> <span class='ocrx_word' id='word_1_137' title='bbox 1184 1369 1291 1438; x_wconf 75' lang='grc' dir='ltr'><strong>ιίἰιιιιιι,</strong></span> 
     </span>
     <span class='ocr_line' id='line_1_16' title="bbox 154 1444 1292 1531; baseline 0 -25"><span class='ocrx_word' id='word_1_138' title='bbox 154 1465 258 1529; x_wconf 81' lang='lat' dir='ltr'><strong>operae</strong></span> <span class='ocrx_word' id='word_1_139' title='bbox 281 1447 406 1531; x_wconf 83' lang='lat' dir='ltr'><strong>pretium</strong></span> <span class='ocrx_word' id='word_1_140' title='bbox 428 1454 473 1508; x_wconf 88' lang='lat' dir='ltr'><strong>est</strong></span> <span class='ocrx_word' id='word_1_141' title='bbox 496 1447 583 1508; x_wconf 88' lang='lat' dir='ltr'><strong>verba</strong></span> <span class='ocrx_word' id='word_1_142' title='bbox 607 1449 792 1531; x_wconf 82' lang='lat' dir='ltr'><strong>interpretari.</strong></span> <span class='ocrx_word' id='word_1_143' title='bbox 826 1444 953 1509; x_wconf 78' lang='lat' dir='ltr'><strong>Verbum</strong></span> <span class='ocrx_word' id='word_1_144' title='bbox 972 1452 1031 1520; x_wconf 74' lang='lat' dir='ltr'><strong>*m</strong></span> <span class='ocrx_word' id='word_1_145' title='bbox 1051 1449 1130 1530; x_wconf 66' lang='lat' dir='ltr'><strong>quod</strong></span> <span class='ocrx_word' id='word_1_146' title='bbox 1150 1449 1292 1514; x_wconf 70' lang='lat' dir='ltr'><strong>rubrum</strong></span> 
     </span>
     <span class='ocr_line' id='line_1_17' title="bbox 118 1524 1291 1610; baseline -0.001 -23"><span class='ocrx_word' id='word_1_147' title='bbox 118 1547 123 1552; x_wconf 88' lang='lat'>·</span> <span class='ocrx_word' id='word_1_148' title='bbox 155 1529 285 1608; x_wconf 84' lang='lat' dir='ltr'><strong>migrare,</strong></span> <span class='ocrx_word' id='word_1_149' title='bbox 305 1526 439 1588; x_wconf 80' lang='lat' dir='ltr'><strong>scribitur</strong></span> <span class='ocrx_word' id='word_1_150' title='bbox 454 1528 485 1588; x_wconf 88' lang='lat' dir='ltr'><strong>in</strong></span> <span class='ocrx_word' id='word_1_151' title='bbox 498 1547 620 1590; x_wconf 87' lang='lat' dir='ltr'><strong>numero</strong></span> <span class='ocrx_word' id='word_1_152' title='bbox 634 1529 751 1610; x_wconf 81' lang='lat' dir='ltr'><strong>plurali:</strong></span> <span class='ocrx_word' id='word_1_153' title='bbox 770 1530 800 1588; x_wconf 88' lang='lat' dir='ltr'><strong>in</strong></span> <span class='ocrx_word' id='word_1_154' title='bbox 813 1527 947 1610; x_wconf 76' lang='lat' dir='ltr'><strong>singulari</strong></span> <span class='ocrx_word' id='word_1_155' title='bbox 959 1535 1056 1589; x_wconf 87' lang='lat' dir='ltr'><strong>tamen</strong></span> <span class='ocrx_word' id='word_1_156' title='bbox 1071 1524 1189 1607; x_wconf 86' lang='lat' dir='ltr'><strong>legitur:</strong></span> <span class='ocrx_word' id='word_1_157' title='bbox 1209 1525 1291 1608; x_wconf 81' lang='lat' dir='ltr'><strong>quod</strong></span> 
     </span>
     <span class='ocr_line' id='line_1_18' title="bbox 111 1605 1288 1767; baseline 0 -21"><span class='ocrx_word' id='word_1_158' title='bbox 111 1692 113 1701; x_wconf 94' lang='lat'>·</span> <span class='ocrx_word' id='word_1_159' title='bbox 143 1612 288 1746; x_wconf 63' lang='lat' dir='ltr'><strong>ltili</strong></span> <span class='ocrx_word' id='word_1_160' title='bbox 306 1605 626 1754; x_wconf 54' lang='lat' dir='ltr'><strong>lttlllitlalt&#39;t</strong></span> <span class='ocrx_word' id='word_1_161' title='bbox 645 1605 1288 1767; x_wconf 61' lang='lat' dir='ltr'><strong>ia0t⁰il¹tttffilttts⁰titii</strong></span> 
     </span>
     <span class='ocr_line' id='line_1_19' title="bbox 155 1709 1351 1850; baseline -0.005 -20"><span class='ocrx_word' id='word_1_162' title='bbox 155 1767 237 1830; x_wconf 82' lang='lat' dir='ltr'><strong>aliter</strong></span> <span class='ocrx_word' id='word_1_163' title='bbox 260 1765 354 1846; x_wconf 85' lang='lat' dir='ltr'><strong>legere</strong></span> <span class='ocrx_word' id='word_1_164' title='bbox 373 1759 459 1846; x_wconf 83' lang='lat' dir='ltr'><strong>quam</strong></span> <span class='ocrx_word' id='word_1_165' title='bbox 480 1768 616 1848; x_wconf 88' lang='lat' dir='ltr'><strong>scriptum</strong></span> <span class='ocrx_word' id='word_1_166' title='bbox 625 1709 704 1829; x_wconf 63' lang='lat' dir='ltr'><strong>1drot.</strong></span> <span class='ocrx_word' id='word_1_167' title='bbox 739 1765 808 1845; x_wconf 81' lang='lat' dir='ltr'><strong>Quo</strong></span> <span class='ocrx_word' id='word_1_168' title='bbox 827 1709 893 1828; x_wconf 68' lang='lat' dir='ltr'><strong>ingde</strong></span> <span class='ocrx_word' id='word_1_169' title='bbox 912 1765 1016 1827; x_wconf 83' lang='lat' dir='ltr'><strong>clarius</strong></span> <span class='ocrx_word' id='word_1_170' title='bbox 1036 1727 1192 1848; x_wconf 71' lang='lat' dir='ltr'><strong>colligitur,</strong></span> <span class='ocrx_word' id='word_1_171' title='bbox 1215 1767 1286 1846; x_wconf 76' lang='lat' dir='ltr'><strong>qnia</strong></span> <span class='ocrx_word' id='word_1_172' title='bbox 1349 1841 1351 1850; x_wconf 26' lang='grc' dir='ltr'>Ι</span> 
     </span>
     <span class='ocr_line' id='line_1_20' title="bbox 155 1844 1290 1926; baseline -0.002 -20"><span class='ocrx_word' id='word_1_173' title='bbox 155 1844 285 1906; x_wconf 87' lang='lat' dir='ltr'><strong>nonnulli</strong></span> <span class='ocrx_word' id='word_1_174' title='bbox 305 1864 413 1920; x_wconf 84' lang='lat' dir='ltr'><strong>corum,</strong></span> <span class='ocrx_word' id='word_1_175' title='bbox 432 1865 547 1907; x_wconf 86' lang='lat' dir='ltr'><strong>sensum</strong></span> <span class='ocrx_word' id='word_1_176' title='bbox 560 1847 699 1909; x_wconf 73' lang='lat' dir='ltr'><strong>literalem</strong></span> <span class='ocrx_word' id='word_1_177' title='bbox 712 1849 835 1908; x_wconf 83' lang='lat' dir='ltr'><strong>relinere</strong></span> <span class='ocrx_word' id='word_1_178' title='bbox 849 1847 985 1919; x_wconf 81' lang='lat' dir='ltr'><strong>volentes,</strong></span> <span class='ocrx_word' id='word_1_179' title='bbox 1000 1848 1090 1921; x_wconf 68' lang='lat' dir='ltr'><strong>,auxie</strong></span> <span class='ocrx_word' id='word_1_180' title='bbox 1104 1865 1135 1907; x_wconf 88' lang='lat' dir='ltr'><strong>se</strong></span> <span class='ocrx_word' id='word_1_181' title='bbox 1151 1848 1290 1926; x_wconf 71' lang='lat' dir='ltr'><strong>torquem</strong></span> 
     </span>
     <span class='ocr_line' id='line_1_21' title="bbox 146 1919 1294 2008; baseline -0.003 -20"><span class='ocrx_word' id='word_1_182' title='bbox 146 1945 208 1988; x_wconf 80' lang='lat' dir='ltr'><strong>cur</strong></span> <span class='ocrx_word' id='word_1_183' title='bbox 225 1923 345 2006; x_wconf 85' lang='lat' dir='ltr'><strong>Migrate</strong></span> <span class='ocrx_word' id='word_1_184' title='bbox 368 1919 464 2007; x_wconf 75' lang='lat' dir='ltr'><strong>potius</strong></span> <span class='ocrx_word' id='word_1_185' title='bbox 484 1927 592 1987; x_wconf 81' lang='lat' dir='ltr'><strong>dietum</strong></span> <span class='ocrx_word' id='word_1_186' title='bbox 611 1929 662 2002; x_wconf 81' lang='lat' dir='ltr'><strong>sit,</strong></span> <span class='ocrx_word' id='word_1_187' title='bbox 681 1945 767 2007; x_wconf 89' lang='lat' dir='ltr'><strong>quam</strong></span> <span class='ocrx_word' id='word_1_188' title='bbox 786 1925 890 2008; x_wconf 84' lang='lat' dir='ltr'><strong>Migra:</strong></span> <span class='ocrx_word' id='word_1_189' title='bbox 914 1933 945 1988; x_wconf 87' lang='lat' dir='ltr'><strong>et</strong></span> <span class='ocrx_word' id='word_1_190' title='bbox 968 1927 1084 1987; x_wconf 70' lang='lat' dir='ltr'><strong>medem</strong></span> <span class='ocrx_word' id='word_1_191' title='bbox 1103 1926 1140 1987; x_wconf 86' lang='lat' dir='ltr'><strong>ed</strong></span> <span class='ocrx_word' id='word_1_192' title='bbox 1159 1925 1294 2006; x_wconf 81' lang='lat' dir='ltr'><strong>frigidum</strong></span> 
     </span>
     <span class='ocr_line' id='line_1_22' title="bbox 155 1992 1294 2088; baseline -0.004 -22"><span class='ocrx_word' id='word_1_193' title='bbox 155 1992 506 2086; x_wconf 84' lang='lat' dir='ltr'><strong>ergalium&#39;eoulugiunt‚</strong></span> <span class='ocrx_word' id='word_1_194' title='bbox 544 2008 626 2086; x_wconf 79' lang='lat' dir='ltr'><strong>quasi</strong></span> <span class='ocrx_word' id='word_1_195' title='bbox 648 2007 732 2088; x_wconf 88' lang='lat' dir='ltr'><strong>fugae</strong></span> <span class='ocrx_word' id='word_1_196' title='bbox 755 2011 885 2066; x_wconf 79' lang='lat' dir='ltr'><strong>auctores</strong></span> <span class='ocrx_word' id='word_1_197' title='bbox 909 2007 1162 2088; x_wconf 78' lang='lat' dir='ltr'><strong>compellentium</strong></span> <span class='ocrx_word' id='word_1_198' title='bbox 1186 2021 1294 2086; x_wconf 85' lang='lat' dir='ltr'><strong>corpus</strong></span> 
     </span>
     <span class='ocr_line' id='line_1_23' title="bbox 158 2083 1291 2166; baseline -0.001 -23"><span class='ocrx_word' id='word_1_199' title='bbox 158 2103 246 2164; x_wconf 87' lang='lat' dir='ltr'><strong>quam</strong></span> <span class='ocrx_word' id='word_1_200' title='bbox 266 2085 397 2144; x_wconf 87' lang='lat' dir='ltr'><strong>animam.</strong></span> <span class='ocrx_word' id='word_1_201' title='bbox 428 2085 519 2166; x_wconf 78' lang='lat' dir='ltr'><strong>Atqui</strong></span> <span class='ocrx_word' id='word_1_202' title='bbox 536 2086 567 2145; x_wconf 89' lang='lat' dir='ltr'><strong>in</strong></span> <span class='ocrx_word' id='word_1_203' title='bbox 586 2106 618 2146; x_wconf 90' lang='lat' dir='ltr'><strong>re</strong></span> <span class='ocrx_word' id='word_1_204' title='bbox 637 2107 696 2148; x_wconf 91' lang='lat' dir='ltr'><strong>non</strong></span> <span class='ocrx_word' id='word_1_205' title='bbox 716 2083 822 2146; x_wconf 87' lang='lat' dir='ltr'><strong>difficili</strong></span> <span class='ocrx_word' id='word_1_206' title='bbox 840 2093 989 2166; x_wconf 82' lang='lat' dir='ltr'><strong>tantopere</strong></span> <span class='ocrx_word' id='word_1_207' title='bbox 1007 2087 1137 2146; x_wconf 84' lang='lat' dir='ltr'><strong>laborare</strong></span> <span class='ocrx_word' id='word_1_208' title='bbox 1156 2101 1291 2165; x_wconf 82' lang='lat' dir='ltr'><strong>superva-</strong></span> 
     </span>
     <span class='ocr_line' id='line_1_24' title="bbox 156 2163 1293 2244; baseline 0.002 -20"><span class='ocrx_word' id='word_1_209' title='bbox 156 2169 243 2224; x_wconf 85' lang='lat' dir='ltr'><strong>cuum</strong></span> <span class='ocrx_word' id='word_1_210' title='bbox 262 2163 328 2224; x_wconf 85' lang='lat' dir='ltr'><strong>fuit:</strong></span> <span class='ocrx_word' id='word_1_211' title='bbox 351 2165 418 2244; x_wconf 83' lang='lat' dir='ltr'><strong>qula</strong></span> <span class='ocrx_word' id='word_1_212' title='bbox 437 2171 548 2226; x_wconf 84' lang='lat' dir='ltr'><strong>eertum</strong></span> <span class='ocrx_word' id='word_1_213' title='bbox 566 2173 609 2226; x_wconf 88' lang='lat' dir='ltr'><strong>est</strong></span> <span class='ocrx_word' id='word_1_214' title='bbox 627 2186 686 2228; x_wconf 90' lang='lat' dir='ltr'><strong>nou</strong></span> <span class='ocrx_word' id='word_1_215' title='bbox 705 2165 812 2226; x_wconf 84' lang='lat' dir='ltr'><strong>dicium</strong></span> <span class='ocrx_word' id='word_1_216' title='bbox 830 2185 891 2226; x_wconf 87' lang='lat' dir='ltr'><strong>esse</strong></span> <span class='ocrx_word' id='word_1_217' title='bbox 905 2165 1011 2226; x_wconf 86' lang='lat' dir='ltr'><strong>Davidi</strong></span> <span class='ocrx_word' id='word_1_218' title='bbox 1030 2172 1063 2224; x_wconf 91' lang='lat' dir='ltr'><strong>ut</strong></span> <span class='ocrx_word' id='word_1_219' title='bbox 1077 2166 1155 2225; x_wconf 83' lang='lat' dir='ltr'><strong>solus</strong></span> <span class='ocrx_word' id='word_1_220' title='bbox 1168 2165 1293 2244; x_wconf 68' lang='lat' dir='ltr'><strong>fugaret,</strong></span> 
     </span>
     <span class='ocr_line' id='line_1_25' title="bbox 110 2243 1289 2325; baseline -0.004 -19"><span class='ocrx_word' id='word_1_221' title='bbox 110 2287 113 2292; x_wconf 84' lang='grc'><strong>-</strong></span> <span class='ocrx_word' id='word_1_222' title='bbox 155 2243 208 2307; x_wconf 78' lang='lat' dir='ltr'><strong>sea</strong></span> <span class='ocrx_word' id='word_1_223' title='bbox 232 2263 289 2303; x_wconf 86' lang='lat' dir='ltr'><strong>una</strong></span> <span class='ocrx_word' id='word_1_224' title='bbox 308 2256 375 2303; x_wconf 85' lang='lat' dir='ltr'><strong>cum</strong></span> <span class='ocrx_word' id='word_1_225' title='bbox 395 2246 454 2304; x_wconf 84' lang='lat' dir='ltr'><strong>suis</strong></span> <span class='ocrx_word' id='word_1_226' title='bbox 473 2245 638 2322; x_wconf 75' lang='lat' dir='ltr'><strong>comitibus,</strong></span> <span class='ocrx_word' id='word_1_227' title='bbox 662 2265 734 2325; x_wconf 88' lang='lat' dir='ltr'><strong>quos</strong></span> <span class='ocrx_word' id='word_1_228' title='bbox 754 2265 853 2305; x_wconf 90' lang='lat' dir='ltr'><strong>omues</strong></span> <span class='ocrx_word' id='word_1_229' title='bbox 871 2245 949 2305; x_wconf 86' lang='lat' dir='ltr'><strong>idem</strong></span> <span class='ocrx_word' id='word_1_230' title='bbox 967 2245 1127 2325; x_wconf 88' lang='lat' dir='ltr'><strong>periculum</strong></span> <span class='ocrx_word' id='word_1_231' title='bbox 1146 2243 1289 2304; x_wconf 84' lang='lat' dir='ltr'><strong>manebat.</strong></span> 
     </span>
     <span class='ocr_line' id='line_1_26' title="bbox 144 2321 1293 2420; baseline -0.001 -35"><span class='ocrx_word' id='word_1_232' title='bbox 144 2321 300 2420; x_wconf 74' lang='lat' dir='ltr'><strong>,Quamvis</strong></span> <span class='ocrx_word' id='word_1_233' title='bbox 317 2341 385 2404; x_wconf 86' lang='lat' dir='ltr'><strong>ergo</strong></span> <span class='ocrx_word' id='word_1_234' title='bbox 404 2343 494 2385; x_wconf 90' lang='lat' dir='ltr'><strong>uuum</strong></span> <span class='ocrx_word' id='word_1_235' title='bbox 512 2323 654 2386; x_wconf 84' lang='lat' dir='ltr'><strong>Davidem</strong></span> <span class='ocrx_word' id='word_1_236' title='bbox 672 2325 822 2420; x_wconf 73' lang='lat' dir='ltr'><strong>praealiis</strong></span> <span class='ocrx_word' id='word_1_237' title='bbox 841 2327 966 2406; x_wconf 78' lang='lat' dir='ltr'><strong>aggressi</strong></span> <span class='ocrx_word' id='word_1_238' title='bbox 983 2325 1057 2420; x_wconf 71' lang='lat' dir='ltr'><strong>sint,</strong></span> <span class='ocrx_word' id='word_1_239' title='bbox 1070 2324 1181 2420; x_wconf 38' lang='lat' dir='ltr'><strong>&#39;socios&#39;</strong></span> <span class='ocrx_word' id='word_1_240' title='bbox 1195 2330 1293 2384; x_wconf 83' lang='lat' dir='ltr'><strong>lamen</strong></span> 
     </span>
     <span class='ocr_line' id='line_1_27' title="bbox 157 2401 1291 2564; baseline -0.001 -23"><span class='ocrx_word' id='word_1_241' title='bbox 157 2401 765 2564; x_wconf 47' lang='lat' dir='ltr'><strong>iiml&#39;iiiiiiniqdi&#39;iiniiffii&#39;dii</strong></span> <span class='ocrx_word' id='word_1_242' title='bbox 779 2403 1291 2558; x_wconf 50' lang='lat' dir='ltr'><strong>ilftttfllt&#39;tlliltt</strong></span> 
     </span>
     <span class='ocr_line' id='line_1_28' title="bbox 158 2505 1293 2642; baseline 0 -20"><span class='ocrx_word' id='word_1_243' title='bbox 158 2567 257 2622; x_wconf 88' lang='lat' dir='ltr'><strong>monte</strong></span> <span class='ocrx_word' id='word_1_244' title='bbox 280 2567 387 2636; x_wconf 81' lang='lat' dir='ltr'><strong>vestro,</strong></span> <span class='ocrx_word' id='word_1_245' title='bbox 406 2564 465 2624; x_wconf 86' lang='lat' dir='ltr'><strong>acsi</strong></span> <span class='ocrx_word' id='word_1_246' title='bbox 483 2571 558 2625; x_wconf 90' lang='lat' dir='ltr'><strong>esset</strong></span> <span class='ocrx_word' id='word_1_247' title='bbox 568 2569 708 2634; x_wconf 63' lang='grc' dir='ltr'><strong>ΠΞἾΠΕ)</strong></span> <span class='ocrx_word' id='word_1_248' title='bbox 719 2573 749 2627; x_wconf 89' lang='lat' dir='ltr'><strong>et</strong></span> <span class='ocrx_word' id='word_1_249' title='bbox 757 2505 913 2624; x_wconf 66' lang='lat' dir='ltr'><strong>mesariam</strong></span> <span class='ocrx_word' id='word_1_250' title='bbox 923 2582 973 2624; x_wconf 89' lang='lat' dir='ltr'><strong>eos</strong></span> <span class='ocrx_word' id='word_1_251' title='bbox 992 2568 1036 2622; x_wconf 87' lang='lat' dir='ltr'><strong>est</strong></span> <span class='ocrx_word' id='word_1_252' title='bbox 1054 2563 1175 2624; x_wconf 75' lang='lat' dir='ltr'><strong>mutabo</strong></span> <span class='ocrx_word' id='word_1_253' title='bbox 1195 2579 1293 2642; x_wconf 77' lang='lat' dir='ltr'><strong>perso·</strong></span> 
     </span>
     <span class='ocr_line' id='line_1_29' title="bbox 158 2641 1295 2802; baseline -0.002 -22"><span class='ocrx_word' id='word_1_254' title='bbox 158 2642 320 2781; x_wconf 63' lang='lat' dir='ltr'><strong>:riou</strong></span> <span class='ocrx_word' id='word_1_255' title='bbox 334 2641 1219 2802; x_wconf 54' lang='lat' dir='ltr'><strong>tricamerataseluatur</strong></span> <span class='ocrx_word' id='word_1_256' title='bbox 1237 2658 1295 2799; x_wconf 74' lang='grc' dir='ltr'><strong>ιι</strong></span> 
     </span>
     <span class='ocr_line' id='line_1_30' title="bbox 61 2792 1294 2883; baseline 0.002 -25"><span class='ocrx_word' id='word_1_257' title='bbox 61 2849 63 2864; x_wconf 78' lang='grc'><strong><em>,</em></strong></span> <span class='ocrx_word' id='word_1_258' title='bbox 158 2797 411 2875; x_wconf 73' lang='grc' dir='ltr'><strong>ιοΙιιιιῒ,1ιιᾶιιοιιιιι</strong></span> <span class='ocrx_word' id='word_1_259' title='bbox 425 2803 524 2863; x_wconf 84' lang='lat' dir='ltr'><strong>vocari</strong></span> <span class='ocrx_word' id='word_1_260' title='bbox 536 2801 673 2878; x_wconf 76' lang='lat' dir='ltr'><strong>montem.</strong></span> <span class='ocrx_word' id='word_1_261' title='bbox 692 2805 751 2866; x_wconf 76' lang='lat' dir='ltr'><strong>Alli</strong></span> <span class='ocrx_word' id='word_1_262' title='bbox 763 2803 912 2883; x_wconf 82' lang='lat' dir='ltr'><strong>legendnm</strong></span> <span class='ocrx_word' id='word_1_263' title='bbox 928 2792 1028 2883; x_wconf 77' lang='lat' dir='ltr'><strong>pulani</strong></span> <span class='ocrx_word' id='word_1_264' title='bbox 1041 2807 1128 2871; x_wconf 52' lang='lat' dir='ltr'><strong>&#39;lind</strong></span> <span class='ocrx_word' id='word_1_265' title='bbox 1147 2803 1219 2872; x_wconf 65' lang='lat' dir='ltr'><strong>m</strong></span> <span class='ocrx_word' id='word_1_266' title='bbox 1237 2803 1294 2868; x_wconf 75' lang='grc' dir='ltr'><strong>ἾΠ</strong></span> 
     </span>
     <span class='ocr_line' id='line_1_31' title="bbox 157 2877 1294 2966; baseline -0.005 -26"><span class='ocrx_word' id='word_1_267' title='bbox 157 2879 214 2940; x_wconf 90' lang='lat' dir='ltr'><strong>hoc</strong></span> <span class='ocrx_word' id='word_1_268' title='bbox 238 2885 295 2944; x_wconf 81' lang='lat' dir='ltr'><strong>est.</strong></span> <span class='ocrx_word' id='word_1_269' title='bbox 315 2879 346 2940; x_wconf 91' lang='lat' dir='ltr'><strong>iu</strong></span> <span class='ocrx_word' id='word_1_270' title='bbox 365 2889 493 2942; x_wconf 83' lang='lat' dir='ltr'><strong>montem</strong></span> <span class='ocrx_word' id='word_1_271' title='bbox 512 2883 587 2943; x_wconf 87' lang='lat' dir='ltr'><strong>siout</strong></span> <span class='ocrx_word' id='word_1_272' title='bbox 606 2884 676 2958; x_wconf 83' lang='lat' dir='ltr'><strong>avis,</strong></span> <span class='ocrx_word' id='word_1_273' title='bbox 701 2885 809 2966; x_wconf 80' lang='lat' dir='ltr'><strong>absque</strong></span> <span class='ocrx_word' id='word_1_274' title='bbox 828 2883 1004 2963; x_wconf 87' lang='lat' dir='ltr'><strong>pronomine.</strong></span> <span class='ocrx_word' id='word_1_275' title='bbox 1024 2878 1134 2940; x_wconf 81' lang='lat' dir='ltr'><strong>Verum</strong></span> <span class='ocrx_word' id='word_1_276' title='bbox 1153 2879 1178 2938; x_wconf 86' lang='lat' dir='ltr'><strong>si</strong></span> <span class='ocrx_word' id='word_1_277' title='bbox 1197 2877 1294 2956; x_wconf 88' lang='lat' dir='ltr'><strong>sequi·</strong></span> 
     </span>
     <span class='ocr_line' id='line_1_32' title="bbox 139 2959 1295 3044; baseline 0.003 -24"><span class='ocrx_word' id='word_1_278' title='bbox 139 2979 224 3028; x_wconf 75' lang='lat' dir='ltr'><strong>,mur</strong></span> <span class='ocrx_word' id='word_1_279' title='bbox 242 2959 322 3039; x_wconf 86' lang='lat' dir='ltr'><strong>quod</strong></span> <span class='ocrx_word' id='word_1_280' title='bbox 341 2959 409 3036; x_wconf 84' lang='lat' dir='ltr'><strong>dixi,</strong></span> <span class='ocrx_word' id='word_1_281' title='bbox 429 2965 537 3042; x_wconf 84' lang='lat' dir='ltr'><strong>optime</strong></span> <span class='ocrx_word' id='word_1_282' title='bbox 555 2963 810 3037; x_wconf 65' lang='lat' dir='ltr'><strong>doctoralem,</strong></span> <span class='ocrx_word' id='word_1_283' title='bbox 830 2965 1147 3044; x_wconf 78' lang='lat' dir='ltr'><strong>Migruteiumooleru</strong></span> <span class='ocrx_word' id='word_1_284' title='bbox 1154 2965 1295 3030; x_wconf 65' lang='lat' dir='ltr'><strong>ueritum,</strong></span> 
     </span>
     <span class='ocr_line' id='line_1_33' title="bbox 159 3037 1293 3123; baseline -0.004 -25"><span class='ocrx_word' id='word_1_285' title='bbox 159 3039 227 3120; x_wconf 84' lang='lat' dir='ltr'><strong>quia</strong></span> <span class='ocrx_word' id='word_1_286' title='bbox 246 3037 392 3110; x_wconf 78' lang='lat' dir='ltr'><strong>babitandi</strong></span> <span class='ocrx_word' id='word_1_287' title='bbox 410 3040 492 3102; x_wconf 90' lang='lat' dir='ltr'><strong>locus</strong></span> <span class='ocrx_word' id='word_1_288' title='bbox 506 3043 642 3123; x_wconf 82' lang='lat' dir='ltr'><strong>lupatria</strong></span> <span class='ocrx_word' id='word_1_289' title='bbox 656 3063 715 3105; x_wconf 89' lang='lat' dir='ltr'><strong>non</strong></span> <span class='ocrx_word' id='word_1_290' title='bbox 731 3043 815 3104; x_wconf 88' lang='lat' dir='ltr'><strong>datur</strong></span> <span class='ocrx_word' id='word_1_291' title='bbox 827 3061 923 3122; x_wconf 83' lang='lat' dir='ltr'><strong>neque</strong></span> <span class='ocrx_word' id='word_1_292' title='bbox 936 3048 1032 3102; x_wconf 84' lang='lat' dir='ltr'><strong>tumen</strong></span> <span class='ocrx_word' id='word_1_293' title='bbox 1047 3039 1178 3098; x_wconf 80' lang='lat' dir='ltr'><strong>existimo</strong></span> <span class='ocrx_word' id='word_1_294' title='bbox 1193 3053 1293 3115; x_wconf 83' lang='lat' dir='ltr'><strong>quem-</strong></span> 
     </span>
     <span class='ocr_line' id='line_1_34' title="bbox 157 3118 1292 3201; baseline 0.001 -26"><span class='ocrx_word' id='word_1_295' title='bbox 157 3121 234 3198; x_wconf 86' lang='lat' dir='ltr'><strong>piam</strong></span> <span class='ocrx_word' id='word_1_296' title='bbox 254 3125 363 3180; x_wconf 83' lang='lat' dir='ltr'><strong>certum</strong></span> <span class='ocrx_word' id='word_1_297' title='bbox 382 3127 509 3184; x_wconf 84' lang='lat' dir='ltr'><strong>montem</strong></span> <span class='ocrx_word' id='word_1_298' title='bbox 528 3123 631 3196; x_wconf 79' lang='lat' dir='ltr'><strong>notari,</strong></span> <span class='ocrx_word' id='word_1_299' title='bbox 650 3123 701 3184; x_wconf 90' lang='lat' dir='ltr'><strong>sed</strong></span> <span class='ocrx_word' id='word_1_300' title='bbox 720 3123 880 3201; x_wconf 84' lang='lat' dir='ltr'><strong>ablegatum</strong></span> <span class='ocrx_word' id='word_1_301' title='bbox 900 3121 987 3181; x_wconf 82' lang='lat' dir='ltr'><strong>luisse</strong></span> <span class='ocrx_word' id='word_1_302' title='bbox 1002 3118 1145 3194; x_wconf 81' lang='lat' dir='ltr'><strong>Davidem</strong></span> <span class='ocrx_word' id='word_1_303' title='bbox 1158 3119 1188 3176; x_wconf 88' lang='lat' dir='ltr'><strong>in</strong></span> <span class='ocrx_word' id='word_1_304' title='bbox 1201 3133 1292 3194; x_wconf 79' lang='lat' dir='ltr'><strong>rupes</strong></span> 
     </span>
     <span class='ocr_line' id='line_1_35' title="bbox 159 3187 1289 3284; baseline -0.002 -28"><span class='ocrx_word' id='word_1_305' title='bbox 159 3197 299 3284; x_wconf 79' lang='lat' dir='ltr'><strong>desertas,</strong></span> <span class='ocrx_word' id='word_1_306' title='bbox 366 3218 385 3258; x_wconf 92' lang='lat' dir='ltr'><strong>o</strong></span> <span class='ocrx_word' id='word_1_307' title='bbox 410 3199 491 3260; x_wconf 90' lang='lat' dir='ltr'><strong>illum</strong></span> <span class='ocrx_word' id='word_1_308' title='bbox 511 3219 573 3259; x_wconf 87' lang='lat' dir='ltr'><strong>sors</strong></span> <span class='ocrx_word' id='word_1_309' title='bbox 593 3187 717 3264; x_wconf 64' lang='lat' dir='ltr'><strong>duoerbt„</strong></span> <span class='ocrx_word' id='word_1_310' title='bbox 749 3200 971 3262; x_wconf 87' lang='lat' dir='ltr'><strong>Huius-consilii</strong></span> <span class='ocrx_word' id='word_1_311' title='bbox 990 3205 1121 3259; x_wconf 80' lang='lat' dir='ltr'><strong>suctores</strong></span> <span class='ocrx_word' id='word_1_312' title='bbox 1140 3195 1289 3269; x_wconf 83' lang='lat' dir='ltr'><strong>damnans,</strong></span> 
     </span>
     <span class='ocr_line' id='line_1_36' title="bbox 158 3275 1292 3360; baseline -0.004 -24"><span class='ocrx_word' id='word_1_313' title='bbox 158 3282 279 3336; x_wconf 84' lang='lat' dir='ltr'><strong>lestatur</strong></span> <span class='ocrx_word' id='word_1_314' title='bbox 298 3296 331 3336; x_wconf 88' lang='lat' dir='ltr'><strong>se</strong></span> <span class='ocrx_word' id='word_1_315' title='bbox 368 3278 394 3354; x_wconf 79' lang='lat' dir='ltr'><strong>ei</strong></span> <span class='ocrx_word' id='word_1_316' title='bbox 413 3279 600 3358; x_wconf 83' lang='lat' dir='ltr'><strong>promissione</strong></span> <span class='ocrx_word' id='word_1_317' title='bbox 619 3279 733 3360; x_wconf 80' lang='lat' dir='ltr'><strong>fretum,</strong></span> <span class='ocrx_word' id='word_1_318' title='bbox 753 3280 790 3340; x_wconf 91' lang='lat' dir='ltr'><strong>ad</strong></span> <span class='ocrx_word' id='word_1_319' title='bbox 809 3281 866 3340; x_wconf 89' lang='lat' dir='ltr'><strong>tale</strong></span> <span class='ocrx_word' id='word_1_320' title='bbox 886 3281 1006 3340; x_wconf 82' lang='lat' dir='ltr'><strong>exilium</strong></span> <span class='ocrx_word' id='word_1_321' title='bbox 1024 3279 1141 3338; x_wconf 89' lang='lat' dir='ltr'><strong>minime</strong></span> <span class='ocrx_word' id='word_1_322' title='bbox 1159 3275 1292 3334; x_wconf 87' lang='lat' dir='ltr'><strong>animum</strong></span> 
     </span>
     <span class='ocr_line' id='line_1_37' title="bbox 159 3354 1361 3454; baseline -0.01 -30"><span class='ocrx_word' id='word_1_323' title='bbox 159 3355 288 3424; x_wconf 82' lang='lat' dir='ltr'><strong>adiicere.</strong></span> <span class='ocrx_word' id='word_1_324' title='bbox 308 3354 387 3418; x_wconf 84' lang='lat' dir='ltr'><strong>Haeo</strong></span> <span class='ocrx_word' id='word_1_325' title='bbox 405 3359 492 3438; x_wconf 84' lang='lat' dir='ltr'><strong>igitur</strong></span> <span class='ocrx_word' id='word_1_326' title='bbox 504 3357 566 3454; x_wconf 39' lang='lat' dir='ltr'><strong>,luit</strong></span> <span class='ocrx_word' id='word_1_327' title='bbox 584 3356 707 3420; x_wconf 81' lang='lat' dir='ltr'><strong>Doridis.</strong></span> <span class='ocrx_word' id='word_1_328' title='bbox 723 3359 858 3431; x_wconf 80' lang='lat' dir='ltr'><strong>mnditia,</strong></span> <span class='ocrx_word' id='word_1_329' title='bbox 877 3367 911 3420; x_wconf 89' lang='lat' dir='ltr'><strong>ut</strong></span> <span class='ocrx_word' id='word_1_330' title='bbox 929 3361 960 3420; x_wconf 89' lang='lat' dir='ltr'><strong>iu</strong></span> <span class='ocrx_word' id='word_1_331' title='bbox 979 3364 1107 3432; x_wconf 75' lang='lat' dir='ltr'><strong>caruem</strong></span> <span class='ocrx_word' id='word_1_332' title='bbox 1125 3354 1295 3449; x_wconf 65' lang='lat' dir='ltr'><strong>necessitate</strong></span> <span class='ocrx_word' id='word_1_333' title='bbox 1353 3364 1361 3374; x_wconf 89' lang='lat'><strong>·</strong></span> 
     </span>
     <span class='ocr_line' id='line_1_38' title="bbox 72 3437 1293 3599; baseline -0.001 -26"><span class='ocrx_word' id='word_1_334' title='bbox 72 3553 76 3564; x_wconf 96' lang='lat'>.</span> <span class='ocrx_word' id='word_1_335' title='bbox 158 3437 1293 3599; x_wconf 47' lang='lat' dir='ltr'><strong>tit:‘&#39;ttiotltllttitimiditate&amp;tistulis&amp;</strong></span> 
     </span>
     <span class='ocr_line' id='line_1_39' title="bbox 158 3581 1294 3686; baseline 0.005 -34"><span class='ocrx_word' id='word_1_336' title='bbox 158 3581 307 3686; x_wconf 77' lang='lat' dir='ltr'><strong>quaeritur</strong></span> <span class='ocrx_word' id='word_1_337' title='bbox 326 3615 421 3661; x_wconf 83' lang='lat' dir='ltr'><strong>annon</strong></span> <span class='ocrx_word' id='word_1_338' title='bbox 440 3597 551 3661; x_wconf 81' lang='lat' dir='ltr'><strong>licuerit</strong></span> <span class='ocrx_word' id='word_1_339' title='bbox 566 3597 598 3678; x_wconf 84' lang='lat' dir='ltr'><strong>ei</strong></span> <span class='ocrx_word' id='word_1_340' title='bbox 616 3597 722 3680; x_wconf 86' lang='lat' dir='ltr'><strong>lugere.</strong></span> <span class='ocrx_word' id='word_1_341' title='bbox 753 3598 814 3658; x_wconf 91' lang='lat' dir='ltr'><strong>lmo</strong></span> <span class='ocrx_word' id='word_1_342' title='bbox 834 3599 939 3658; x_wconf 85' lang='lat' dir='ltr'><strong>seimus</strong></span> <span class='ocrx_word' id='word_1_343' title='bbox 958 3598 1044 3658; x_wconf 84' lang='lat' dir='ltr'><strong>variis</strong></span> <span class='ocrx_word' id='word_1_344' title='bbox 1063 3596 1162 3658; x_wconf 82' lang='lat' dir='ltr'><strong>exiliis·</strong></span> <span class='ocrx_word' id='word_1_345' title='bbox 1174 3591 1294 3658; x_wconf 77' lang='lat' dir='ltr'><strong>subinde</strong></span> 
     </span>
     <span class='ocr_line' id='line_1_40' title="bbox 156 3671 1296 3760; baseline 0.011 -30"><span class='ocrx_word' id='word_1_346' title='bbox 156 3673 247 3758; x_wconf 78' lang='lat' dir='ltr'><strong>¹tuisse</strong></span> <span class='ocrx_word' id='word_1_347' title='bbox 267 3675 482 3758; x_wconf 80' lang='lat' dir='ltr'><strong>circumactum:</strong></span> <span class='ocrx_word' id='word_1_348' title='bbox 502 3678 532 3741; x_wconf 87' lang='lat' dir='ltr'><strong>iu</strong></span> <span class='ocrx_word' id='word_1_349' title='bbox 552 3678 692 3758; x_wconf 87' lang='lat' dir='ltr'><strong>speluncis</strong></span> <span class='ocrx_word' id='word_1_350' title='bbox 713 3697 829 3760; x_wconf 84' lang='lat' dir='ltr'><strong>quoque</strong></span> <span class='ocrx_word' id='word_1_351' title='bbox 848 3677 990 3740; x_wconf 80' lang='lat' dir='ltr'><strong>interdum</strong></span> <span class='ocrx_word' id='word_1_352' title='bbox 1009 3677 1143 3738; x_wconf 84' lang='lat' dir='ltr'><strong>latitasse.</strong></span> <span class='ocrx_word' id='word_1_353' title='bbox 1163 3671 1296 3754; x_wconf 66' lang='lat' dir='ltr'><strong>Retpffls</strong></span> 
     </span>
     <span class='ocr_line' id='line_1_41' title="bbox 29 3751 1295 3836; baseline 0 -25"><span class='ocrx_word' id='word_1_354' title='bbox 29 3816 35 3827; x_wconf 25' lang='grc' dir='ltr'>ι</span> <span class='ocrx_word' id='word_1_355' title='bbox 161 3751 230 3826; x_wconf 85' lang='lat' dir='ltr'><strong>deo,</strong></span> <span class='ocrx_word' id='word_1_356' title='bbox 251 3756 381 3832; x_wconf 87' lang='lat' dir='ltr'><strong>quamvis</strong></span> <span class='ocrx_word' id='word_1_357' title='bbox 399 3757 490 3816; x_wconf 86' lang='lat' dir='ltr'><strong>instar</strong></span> <span class='ocrx_word' id='word_1_358' title='bbox 508 3757 634 3836; x_wconf 80' lang='lat' dir='ltr'><strong>trepidae</strong></span> <span class='ocrx_word' id='word_1_359' title='bbox 653 3757 780 3826; x_wconf 83' lang='lat' dir='ltr'><strong>aviculae</strong></span> <span class='ocrx_word' id='word_1_360' title='bbox 794 3755 878 3817; x_wconf 85' lang='lat' dir='ltr'><strong>luerit</strong></span> <span class='ocrx_word' id='word_1_361' title='bbox 889 3756 1040 3831; x_wconf 82' lang='lat' dir='ltr'><strong>instabilis,</strong></span> <span class='ocrx_word' id='word_1_362' title='bbox 1058 3761 1087 3815; x_wconf 91' lang='lat' dir='ltr'><strong>et</strong></span> <span class='ocrx_word' id='word_1_363' title='bbox 1101 3773 1154 3836; x_wconf 87' lang='lat' dir='ltr'><strong>per</strong></span> <span class='ocrx_word' id='word_1_364' title='bbox 1166 3751 1295 3822; x_wconf 87' lang='lat' dir='ltr'><strong>diversos</strong></span> 
     </span>
     <span class='ocr_line' id='line_1_42' title="bbox 92 3832 1325 3917; baseline 0.006 -29"><span class='ocrx_word' id='word_1_365' title='bbox 92 3883 95 3888; x_wconf 87' lang='lat'><em>.</em></span> <span class='ocrx_word' id='word_1_366' title='bbox 132 3893 138 3908; x_wconf 20' lang='lat' dir='ltr'><strong>g</strong></span> <span class='ocrx_word' id='word_1_367' title='bbox 161 3851 271 3892; x_wconf 87' lang='lat' dir='ltr'><strong>errores</strong></span> <span class='ocrx_word' id='word_1_368' title='bbox 291 3833 438 3895; x_wconf 81' lang='lat' dir='ltr'><strong>deflexerit</strong></span> <span class='ocrx_word' id='word_1_369' title='bbox 456 3835 491 3896; x_wconf 90' lang='lat' dir='ltr'><strong>eb</strong></span> <span class='ocrx_word' id='word_1_370' title='bbox 511 3834 637 3896; x_wconf 88' lang='lat' dir='ltr'><strong>bostium</strong></span> <span class='ocrx_word' id='word_1_371' title='bbox 656 3838 798 3917; x_wconf 87' lang='lat' dir='ltr'><strong>aucupiis:</strong></span> <span class='ocrx_word' id='word_1_372' title='bbox 817 3843 913 3897; x_wconf 85' lang='lat' dir='ltr'><strong>tamen</strong></span> <span class='ocrx_word' id='word_1_373' title='bbox 932 3835 979 3896; x_wconf 92' lang='lat' dir='ltr'><strong>hic</strong></span> <span class='ocrx_word' id='word_1_374' title='bbox 993 3835 1153 3899; x_wconf 70' lang='lat' dir='ltr'><strong>firmumin</strong></span> <span class='ocrx_word' id='word_1_375' title='bbox 1167 3832 1225 3892; x_wconf 91' lang='lat' dir='ltr'><strong>fide</strong></span> <span class='ocrx_word' id='word_1_376' title='bbox 1239 3838 1325 3896; x_wconf 69' lang='lat' dir='ltr'><strong>sle.</strong></span> 
     </span>
     <span class='ocr_line' id='line_1_43' title="bbox 161 3911 1294 3997; baseline 0.004 -27"><span class='ocrx_word' id='word_1_377' title='bbox 161 3911 266 3986; x_wconf 83' lang='lat' dir='ltr'><strong>titisse,</strong></span> <span class='ocrx_word' id='word_1_378' title='bbox 286 3918 319 3972; x_wconf 91' lang='lat' dir='ltr'><strong>ut</strong></span> <span class='ocrx_word' id='word_1_379' title='bbox 337 3932 369 3974; x_wconf 88' lang='lat' dir='ltr'><strong>se</strong></span> <span class='ocrx_word' id='word_1_380' title='bbox 387 3931 405 3974; x_wconf 91' lang='lat' dir='ltr'><strong>a</strong></span> <span class='ocrx_word' id='word_1_381' title='bbox 424 3914 533 3996; x_wconf 91' lang='lat' dir='ltr'><strong>populo</strong></span> <span class='ocrx_word' id='word_1_382' title='bbox 553 3913 608 3974; x_wconf 85' lang='lat' dir='ltr'><strong>Dei</strong></span> <span class='ocrx_word' id='word_1_383' title='bbox 628 3935 775 3997; x_wconf 85' lang='lat' dir='ltr'><strong>nunquam</strong></span> <span class='ocrx_word' id='word_1_384' title='bbox 795 3917 939 3977; x_wconf 85' lang='lat' dir='ltr'><strong>alienaret.</strong></span> <span class='ocrx_word' id='word_1_385' title='bbox 973 3913 1115 3993; x_wconf 80' lang='lat' dir='ltr'><strong>Quamvis</strong></span> <span class='ocrx_word' id='word_1_386' title='bbox 1134 3913 1212 3972; x_wconf 89' lang='lat' dir='ltr'><strong>enim</strong></span> <span class='ocrx_word' id='word_1_387' title='bbox 1232 3911 1294 3974; x_wconf 84' lang='lat' dir='ltr'><strong>aliis</strong></span> 
     </span>
     <span class='ocr_line' id='line_1_44' title="bbox 160 3985 1295 4075; baseline 0.004 -25"><span class='ocrx_word' id='word_1_388' title='bbox 160 3996 237 4050; x_wconf 83' lang='lat' dir='ltr'><strong>esset</strong></span> <span class='ocrx_word' id='word_1_389' title='bbox 262 3989 442 4072; x_wconf 79' lang='lat' dir='ltr'><strong>desperatus,</strong></span> <span class='ocrx_word' id='word_1_390' title='bbox 487 3994 548 4054; x_wconf 79' lang='lat' dir='ltr'><strong>ussi</strong></span> <span class='ocrx_word' id='word_1_391' title='bbox 567 3995 713 4075; x_wconf 85' lang='lat' dir='ltr'><strong>putridum</strong></span> <span class='ocrx_word' id='word_1_392' title='bbox 732 3995 907 4068; x_wconf 84' lang='lat' dir='ltr'><strong>membrum,</strong></span> <span class='ocrx_word' id='word_1_393' title='bbox 931 4014 962 4054; x_wconf 88' lang='lat' dir='ltr'><strong>se</strong></span> <span class='ocrx_word' id='word_1_394' title='bbox 979 3991 1131 4056; x_wconf 86' lang='lat' dir='ltr'><strong>tamenab</strong></span> <span class='ocrx_word' id='word_1_395' title='bbox 1151 3985 1295 4054; x_wconf 75' lang='lat' dir='ltr'><strong>Eecldsiae</strong></span> 
     </span>
     <span class='ocr_line' id='line_1_45' title="bbox 161 4072 1295 4154; baseline 0.005 -26"><span class='ocrx_word' id='word_1_396' title='bbox 161 4089 282 4150; x_wconf 88' lang='lat' dir='ltr'><strong>corpore</strong></span> <span class='ocrx_word' id='word_1_397' title='bbox 300 4091 447 4152; x_wconf 86' lang='lat' dir='ltr'><strong>nunquam</strong></span> <span class='ocrx_word' id='word_1_398' title='bbox 488 4075 611 4134; x_wconf 78' lang='lat' dir='ltr'><strong>&#39;inbuit</strong></span> <span class='ocrx_word' id='word_1_399' title='bbox 642 4072 680 4135; x_wconf 82' lang='lat' dir='ltr'><strong>lit</strong></span> <span class='ocrx_word' id='word_1_400' title='bbox 699 4082 777 4134; x_wconf 82' lang='lat' dir='ltr'><strong>certe</strong></span> <span class='ocrx_word' id='word_1_401' title='bbox 796 4095 856 4135; x_wconf 83' lang='lat' dir='ltr'><strong>vox</strong></span> <span class='ocrx_word' id='word_1_402' title='bbox 874 4073 1043 4154; x_wconf 71' lang='lat' dir='ltr'><strong>molegio,</strong></span> <span class='ocrx_word' id='word_1_403' title='bbox 1062 4073 1098 4133; x_wconf 87' lang='lat' dir='ltr'><strong>ad</strong></span> <span class='ocrx_word' id='word_1_404' title='bbox 1117 4091 1229 4146; x_wconf 86' lang='lat' dir='ltr'><strong>meram</strong></span> <span class='ocrx_word' id='word_1_405' title='bbox 1248 4073 1295 4134; x_wconf 81' lang='lat' dir='ltr'><strong>de-</strong></span> 
     </span>
     <span class='ocr_line' id='line_1_46' title="bbox 158 4151 1295 4234; baseline 0.005 -28"><span class='ocrx_word' id='word_1_406' title='bbox 158 4151 349 4228; x_wconf 78' lang='lat' dir='ltr'><strong>sperationem</strong></span> <span class='ocrx_word' id='word_1_407' title='bbox 374 4151 514 4212; x_wconf 80' lang='lat' dir='ltr'><strong>leniebat.</strong></span> <span class='ocrx_word' id='word_1_408' title='bbox 544 4151 620 4213; x_wconf 87' lang='lat' dir='ltr'><strong>Huic</strong></span> <span class='ocrx_word' id='word_1_409' title='bbox 638 4173 707 4214; x_wconf 86' lang='lat' dir='ltr'><strong>vero</strong></span> <span class='ocrx_word' id='word_1_410' title='bbox 727 4155 907 4234; x_wconf 87' lang='lat' dir='ltr'><strong>trepidationi</strong></span> <span class='ocrx_word' id='word_1_411' title='bbox 926 4154 1026 4215; x_wconf 84' lang='lat' dir='ltr'><strong>eadere</strong></span> <span class='ocrx_word' id='word_1_412' title='bbox 1044 4173 1104 4214; x_wconf 88' lang='lat' dir='ltr'><strong>uon</strong></span> <span class='ocrx_word' id='word_1_413' title='bbox 1124 4152 1238 4224; x_wconf 85' lang='lat' dir='ltr'><strong>debuit,</strong></span> <span class='ocrx_word' id='word_1_414' title='bbox 1263 4161 1295 4212; x_wconf 91' lang='lat' dir='ltr'><strong>ut</strong></span> 
     </span>
     <span class='ocr_line' id='line_1_47' title="bbox 161 4229 1295 4314; baseline 0.007 -28"><span class='ocrx_word' id='word_1_415' title='bbox 161 4229 196 4286; x_wconf 89' lang='lat' dir='ltr'><strong>de</strong></span> <span class='ocrx_word' id='word_1_416' title='bbox 220 4237 325 4290; x_wconf 81' lang='lat' dir='ltr'><strong>eventu</strong></span> <span class='ocrx_word' id='word_1_417' title='bbox 349 4231 474 4292; x_wconf 82' lang='lat' dir='ltr'><strong>incertus</strong></span> <span class='ocrx_word' id='word_1_418' title='bbox 499 4233 655 4313; x_wconf 72' lang='lat' dir='ltr'><strong>aulugmet.</strong></span> <span class='ocrx_word' id='word_1_419' title='bbox 690 4231 729 4292; x_wconf 83' lang='lat' dir='ltr'><strong>Et</strong></span> <span class='ocrx_word' id='word_1_420' title='bbox 751 4235 815 4294; x_wconf 89' lang='lat' dir='ltr'><strong>ideo</strong></span> <span class='ocrx_word' id='word_1_421' title='bbox 835 4235 990 4314; x_wconf 78' lang='lat' dir='ltr'><strong>expressit,</strong></span> <span class='ocrx_word' id='word_1_422' title='bbox 1016 4233 1127 4294; x_wconf 73' lang='lat' dir='ltr'><strong>animae</strong></span> <span class='ocrx_word' id='word_1_423' title='bbox 1144 4251 1214 4294; x_wconf 86' lang='lat' dir='ltr'><strong>suae</strong></span> <span class='ocrx_word' id='word_1_424' title='bbox 1238 4231 1295 4294; x_wconf 90' lang='lat' dir='ltr'><strong>hoe</strong></span> 
     </span>
     <span class='ocr_line' id='line_1_48' title="bbox 160 4307 1294 4394; baseline 0.005 -24"><span class='ocrx_word' id='word_1_425' title='bbox 160 4307 247 4373; x_wconf 82' lang='lat' dir='ltr'><strong>luisse</strong></span> <span class='ocrx_word' id='word_1_426' title='bbox 272 4308 394 4385; x_wconf 83' lang='lat' dir='ltr'><strong>dictum,</strong></span> <span class='ocrx_word' id='word_1_427' title='bbox 418 4309 579 4392; x_wconf 77' lang='lat' dir='ltr'><strong>significans</strong></span> <span class='ocrx_word' id='word_1_428' title='bbox 604 4318 703 4394; x_wconf 83' lang='lat' dir='ltr'><strong>peetrrs</strong></span> <span class='ocrx_word' id='word_1_429' title='bbox 721 4331 806 4374; x_wconf 86' lang='lat' dir='ltr'><strong>suum</strong></span> <span class='ocrx_word' id='word_1_430' title='bbox 826 4314 939 4394; x_wconf 81' lang='lat' dir='ltr'><strong>penitus</strong></span> <span class='ocrx_word' id='word_1_431' title='bbox 957 4313 1044 4374; x_wconf 76' lang='lat' dir='ltr'><strong>luism</strong></span> <span class='ocrx_word' id='word_1_432' title='bbox 1062 4310 1211 4376; x_wconf 76' lang='lat' dir='ltr'><strong>ooufixrms</strong></span> <span class='ocrx_word' id='word_1_433' title='bbox 1227 4329 1294 4394; x_wconf 75' lang='lat' dir='ltr'><strong>puu-</strong></span> 
     </span>
    </p>
   </div>
   <div class='ocr_carea' id='block_1_4' title="bbox 0 0 1419 4886">
    <p class='ocr_par' dir='ltr' id='par_1_4' title="bbox 0 0 1419 4886">
     <span class='ocr_line' id='line_1_49' title="bbox 0 0 1419 4886; baseline 0 0"><span class='ocrx_word' id='word_1_434' title='bbox 0 0 1419 4886; x_wconf 95' lang='lat' dir='ltr'><strong> </strong></span> 
     </span>
    </p>
   </div>
  </div>
 </body>
</html>
