2726 4888
402 317 450 361 lit
476 317 638 360 ΗΛΗΙ.
663 313 747 359 LXVI.

27 440 151 523 crilegi's
172 441 256 515 votis,
276 440 347 504 dum
367 423 461 582 primo
479 439 599 502 futiliter
617 439 774 502 obtrudunt
786 437 852 502 Deo
871 439 1008 522 quicquid
1028 442 1057 502 iu
1076 441 1144 502 bue
1217 423 1219 430 l

27 543 63 584 ,ιιι
92 522 190 583 venit:
215 522 316 583 deinde
339 524 368 582 ui
390 522 410 582 il
436 521 489 582 sibi
513 523 607 580 miuus
626 527 792 604 proponunt
812 539 898 602 qnam
918 529 1029 582 rectum
1048 521 1145 600 finem,

49 601 200 660 diabolica
219 601 351 680 snperbia
371 599 412 661 de‘
425 601 511 662 rebus
531 599 583 661 sibi
604 619 662 660 non
681 602 822 661 concessis
841 603 1048 682 pasciscuntur.

83 684 137 744 15.
158 682 344 741 Holocaustu
359 690 532 764 pinguium
553 677 609 742 Vel
628 679 779 756 Davidem,
799 681 847 741 vel
866 682 990 762 aliquem
1010 701 1048 741 ex
1067 701 1145 741 sum·

27 764 55 822 is
83 761 255 842 proceribus
280 761 327 820 bic
350 761 430 842 loqui
456 767 582 842 oportet=
607 762 674 840 quia
700 767 733 820 ut
751 763 844 820 tenuis
863 761 995 821 fortunae
1015 762 1146 823 homiues

29 862 61 901 ιιι
84 841 186 922 opima
209 847 239 899 et
262 841 409 921 splendida
434 840 570 901 sacrificia
590 842 709 900 offerent
727 840 847 900 facultas
866 841 1146 902 concinebat-Pro·
1200 903 1203 911 ,

27 921 100 980 rbile
121 921 209 1000 igitur
229 926 272 979 est
291 919 433 980 Davidem
447 919 553 980 Psalmi
573 939 634 980 csse
654 927 811 997 auctorem,
830 923 880 1001 qui
900 929 1046 1002 sumptum
1066 939 1146 1002 rega·

28 1021 60 1059 m
82 1002 229 1061 factorum
248 1019 280 1059 se
299 998 493 1061 denuntiatio
512 999 664 1060 sacrificiis.
684 999 797 1059 Scimus
817 1007 912 1060 autem
933 1021 985 1061 cur
1004 1003 1056 1062 sibi
1076 1002 1147 1064 tunc

27 1097 88 1140 >ens
114 1081 246 1139 victimas
267 1079 362 1140 offerri
382 1081 497 1140 iusserit
516 1084 569 1162 pto
590 1082 745 1162 gratiarum
766 1082 892 1154 actione,
917 1100 1020 1162 nempe
1040 1089 1074 1141 ut
1093 1085 1147 1142 sci·

27 1167 49 1219 at
75 1159 205 1240 populus
230 1177 282 1220 sua
301 1159 478 1221 immunditie
498 1160 587 1241 pollui
607 1167 635 1219 et
655 1161 747 1220 vitiari
768 1159 823 1220 Dei
843 1161 956 1234 laudes,
982 1163 1035 1220 uisi
1056 1162 1146 1221 aliun-

27 1261 41 1300 e
63 1239 290 1302 sanctificentur.
329 1237 403 1300 Nam
429 1247 575 1320 utcunque
599 1240 680 1300 nobis
700 1243 737 1298 sit
756 1241 934 1320 propositum
954 1241 1070 1316 laudare
1091 1239 1148 1301 Dei

27 1339 132 1396 omen,
162 1321 280 1400 impuris
305 1325 402 1380 tamen
424 1319 506 1379 labiis
531 1321 625 1401 ipsum
650 1317 847 1401 profanamus,
872 1321 925 1379 nisi
951 1327 1091 1400 quatenus
1117 1339 1148 1382 se

27 1400 146 1460 'hristus'
171 1399 258 1459 semel
282 1399 404 1460 hostiam
429 1399 534 1459 obtulit
557 1407 589 1458 nt
614 1419 667 1460 uos
693 1407 721 1459 et
745 1405 842 1459 nostra
868 1401 963 1460 omnia
984 1400 1148 1461 sanctificet.

27 1482 138 1560 leoque
158 1478 243 1540 docet
259 1479 418 1561 Apostolus
437 1477 509 1539 neb.
521 1481 568 1554 10,
588 1481 618 1542 7.
639 1479 805 1617 peripsum
825 1479 938 1560 placere
958 1480 1056 1541 laudes
1076 1499 1149 1562 quas

27 1563 77 1620 teo
107 1557 266 1619 referimus.
305 1557 444 1620 Sullitum
466 1559 511 1618 soi
534 1559 693 1619 holocausti
739 1561 765 1619 ic
790 1560 970 1620 commendat
993 1557 1149 1641 Propheta,

27 1659 103 1720 uum
123 1639 190 1698 inde
208 1639 322 1699 nonnisi
340 1642 433 1719 gravis
453 1657 488 1698 ac
506 1640 625 1720 putidus
643 1639 717 1699 odor
725 1639 756 1702 in
765 1639 878 1699 coelum
888 1640 1079 1702 adscenderit:
1099 1641 1150 1700 sed

27 1727 156 1798 {catenus
176 1717 283 1800 figurae
301 1726 384 1780 erant
398 1717 513 1794 Christi,
533 1721 633 1780 arieles
653 1719 780 1800 aliaeque
799 1719 939 1796 victimae,
958 1722 1084 1780 suaviter
1102 1739 1147 1780 co·
1174 1779 1182 1802 ,
1217 1769 1231 1796 ,

28 1821 77 1860 am
96 1798 164 1860 Deo
188 1799 363 1860 redolebant.
402 1797 486 1859 Nunc
510 1799 623 1860 abolitis
646 1799 784 1880 legalibus
808 1798 924 1878 figuris,
948 1807 1045 1860 monet
1068 1799 1150 1859 nobis

27 1880 169 1961 ‚piritualis
186 1881 300 1953 veritas,
318 1897 394 1959 quae
403 1880 537 1960 proximo
546 1897 632 1940 versu
640 1879 742 1939 melius
755 1880 933 1959 exprimitur,
944 1879 997 1940 ubi
1005 1879 1150 1960 Propheta

27 1959 221 2020 ›coeliciorum
240 1957 296 2020 Dei
321 1960 492 2038 pra‘econem
517 1978 548 2020 se
570 1959 634 2020 fore
657 1959 834 2040 denuntiat.x
850 1957 926 2019 Nam
952 1966 983 2019 et
1002 1959 1054 2018 sub
1075 1958 1151 2038 Lege

27 2060 76 2099 ruc
98 2039 199 2098 referri
223 2041 350 2118 oportuit
374 2045 505 2098 externas
530 2040 718 2100 ceremonias:
744 2040 810 2119 quia
830 2039 936 2118 alioqui
956 2040 1063 2100 inutilis
1083 2039 1151 2099 fuis·

27 2128 62 2178 ret
83 2137 181 2178 earum
204 2137 319 2200 pompa.
359 2116 546 2180 Praeconium
565 2139 633 2198 ergo
673 2119 761 2180 retiae
779 2117 850 2194 Dei,
869 2120 1152 2180 verum-condimen·

28 2219 80 2258 um
100 2199 156 2258 fuit
173 2218 212 2259 ne
230 2199 351 2279 insipida
370 2205 464 2258 essent
483 2198 631 2258 sacrificia.
651 2141 855 2277 {luoduutem
875 2199 997 2259 advocat
1015 2199 1078 2278 pios
1092 2217 1152 2258 om·

27 2301 77 2354 res,
98 2299 152 2338 suo
172 2279 305 2359 exemplo
324 2279 409 2338 docet
426 2297 486 2338 non
505 2279 573 2338 satis
593 2285 688 2359 gratos
707 2297 769 2338 esse
788 2277 853 2338 Deo
872 2279 926 2338 nisi
946 2280 995 2358 qui
1015 2279 1155 2340 desiderio

27 2364 141 2438 tagrant
165 2358 349 2439 publicandae
373 2377 459 2438 quam
484 2360 593 2440 experti
618 2365 685 2418 sunt
704 2360 824 2440 gratioe,
847 2379 906 2420 non
926 2359 1013 2418 modo
1033 2365 1066 2418 ut
1084 2361 1156 2418 iuci-

28 2445 118 2499 eotnr
141 2457 240 2498 omues
265 2437 301 2497 ad
324 2453 393 2498 eum
418 2457 476 2498 uno
496 2457 636 2498 consensu
656 2437 838 2512 laudandum,
858 2438 909 2498 sed
927 2445 960 2499 ut
979 2439 1156 2500 documentis
1179 2473 1181 2478 ·

28 2522 128 2599 gratiae
146 2520 209 2578 eius
228 2520 390 2578 animentur
409 2517 445 2577 ad
465 2517 550 2577 fidem
570 2525 599 2578 et
619 2539 709 2600 spem.
738 2517 828 2596 Quod
847 2526 942 2578 autem
962 2521 1154 2579 narrationem
1251 2555 1254 2568 ·

29 2619 103 2658 ruam
126 2597 249 2658 destinat
273 2598 339 2657 solis
364 2596 420 2656 Dei
445 2596 615 2672 cultoribus,
640 2600 712 2657 ratio
732 2605 789 2670 est,
815 2599 882 2678 qaia
902 2599 955 2658 soli
974 2599 1070 2660 idonei
1089 2605 1156 2660 sunt

30 2680 178 2780 rudltoresr
199 2677 325 2759 profanis
344 2685 440 2740 autem
460 2683 490 2738 et
509 2677 666 2760 hypocritis
685 2683 823 2760 tanquam
842 2677 935 2740 surdis
954 2679 1074 2740 canitur.
1161 2698 1164 2707 ·

114 2906 166 2974 17.
188 2903 239 2972 Aa
264 2907 370 2997 ipsum
399 2927 454 2974 ore
469 2929 555 3008 ‘meo
587 2906 735 2992 clamavi,
768 2915 801 2974 et
827 2903 965 2974 exaltasi
996 2927 1071 2974 eum
1099 2905 1159 2974 sub
1210 2913 1221 2922 '

33 3015 130 3106 ingua
157 3036 228 3080 mea
273 3011 550 3104 retorquerem
578 3011 760 3104 si'respexi
788 3011 821 3079 in
852 3013 947 3081 corde
974 3037 1064 3098 meo,
1090 3037 1159 3080 non

33 3121 132 3188 ruditu
157 3119 327 3212 Dominus.
379 3120 432 3190 19.
459 3119 579 3210 Utique
605 3119 726 3188 audivit
749 3119 856 3206 Deus,
884 3120 1017 3187 attendit
1042 3121 1083 3188 ad
1105 3143 1160 3187 vo·

34 3251 98 3296 :em
119 3225 305 3323 precationis
326 3249 425 3294 meae.
470 3227 523 3294 90.
547 3225 737 3294 Benedictus
758 3225 849 3294 Deus
871 3226 926 3317 qui
953 3249 1020 3292 uon
1041 3224 1162 3294 amovit

35 3331 238 3426 precationem
258 3354 374 3418 meam,
396 3343 429 3402 et
449 3331 694 3436 misericordiam
716 3355 808 3413 suam
829 3357 847 3399 a
869 3355 932 3401 me.
1194 3331 1203 3344 '

112 3481 157 3540 17.
176 3481 228 3538 Ad
245 3487 350 3560 tpmm.
372 3475 533 3538 Confirmat
551 3497 582 3538 se
592 3475 647 3539 Dei
658 3477 765 3538 auxilio
785 3477 896 3537 salvum
916 3496 986 3550 esse,
1007 3478 1074 3560 quia
1093 3497 1161 3539 curu

37 3563 175 3638 precatus,
198 3559 261 3638 ipso
281 3559 385 3618 ellectu
404 3561 523 3618 senserit
541 3557 628 3618 fuisse
647 3557 700 3618 sibi
719 3559 884 3640 propitium.
924 3555 1066 3620 Votorum
1087 3561 1163 3619 euim

38 3639 140 3698 fructus
164 3639 280 3719 gratiam
301 3636 357 3697 Dei
381 3657 440 3698 non
465 3657 566 3718 parum
586 3637 722 3712 illustrat,
749 3645 782 3698 ut
800 3637 882 3696 nobis
902 3638 939 3698 sit
958 3640 1070 3698 certior.
1109 3637 1162 3699 lte·
1263 3661 1266 3668 ¹

39 3735 166 3856 sart
183 3740 220 3856 ι
235 3719 429 3856 ‘altrum
449 3719 530 3856 at
543 3719 732 3856 ,latrat
751 3715 1164 3858 {artabatur

39 3817 148 3960 haidem
166 3817 252 3936 estole
272 3839 326 3938 sed
342 3817 468 3958 linghhdl
488 3817 555 3936 fucit
573 3817 666 3937 (dordis
686 3817 882 3951 cdmitcmlsut
901 3817 1100 3937 crldllddpnod
1114 3877 1164 3937 fri-

41 3958 101 4038 pide
119 3976 182 4016 erun
201 3975 305 4016 orasse.
345 3955 434 4035 Quod
454 3956 584 4017 nonnulli
602 3959 654 4018 sub
673 3961 790 4040 lingum,
809 3957 977 4017 tantundem
996 3956 1091 4016 valere
1110 3977 1163 4037 pu·

41 4043 98 4098 tant
122 4043 205 4120 atque
229 4045 262 4103 tn
285 4039 381 4109 corde,
406 4036 563 4097 absordum
586 4043 637 4097 est.
679 4038 781 4098 Sermo
811 4038 887 4097 enim
957 4037 1027 4096 'cx
1051 4036 1165 4116 linguae

42 4117 144 4178 reflexo
161 4115 302 4196 procedit,
336 4117 389 4177 sub
414 4115 509 4196 lingna
538 4117 616 4176 nasci
645 4117 761 4178 dicitur:
790 4118 864 4180 sicut
893 4057 975 4192 still,
1015 4106 1166 4176 Venenum

43 4197 164 4276 'pidum
193 4195 246 4254 sub
269 4197 350 4257 labiis
373 4211 489 4272 eorum,
533 4195 648 4259 Psalmo
684 4199 762 4271 140,
805 4217 890 4256 versu
916 4197 946 4258 4.
1000 4197 1167 4256 Exultondt

43 4275 125 4336 serbo
143 4275 281 4356 significat
298 4297 357 4338 non
376 4279 431 4337 alia
450 4277 568 4340 honoris
587 4280 680 4360 specie
699 4277 800 4338 melius
812 4277 870 4340 coli
884 4273 990 4350 Deum,
1010 4295 1097 4356 qnam
1116 4275 1167 4334 ubi

44 4353 75 4418 ab
94 4355 153 4436 ipso
171 4357 313 4450 expetitur
329 4355 416 4441 salus.
435 4355 518 4418 Unda
536 4365 652 4440 apparet
672 4359 701 4417 iu
712 4355 823 4438 Papatn
842 4355 958 4436 spoliari
976 4357 1071 4436 ipsum
1104 4372 1166 4414 rae·

45 4435 121 4530 elpua
144 4433 248 4518 plorrac
271 4455 340 4498 suae
359 4443 454 4519 parte,
474 4436 524 4502 ubi
543 4437 591 4502 vel
608 4437 646 4500 ad
664 4443 796 4500 mortuos
813 4435 862 4499 rel
881 4435 918 4498 ad
938 4442 1045 4498 statuas
1110 4439 1165 4495 tra·
