2854 4886
516 263 834 316 russanum.
1192 251 1234 330 '59

81 383 217 446 noemdt
237 387 329 458 ιιιιι,
352 373 492 446 indictum
510 387 572 447 etna
590 391 680 468 magia
698 389 809 450 illustro
828 407 890 452 ease
908 389 1065 473 praedicat,
1090 411 1180 474 quem
1195 402 1234 458 ut

83 465 138 526 vel
156 471 283 528 naturae
302 464 351 536 vel
370 463 503 526 fortunae
523 465 643 526 adscribi
662 474 758 550 queat.
787 467 848 530 Noe
868 487 953 546 vero,
972 473 997 532 si
1016 475 1130 553 qnando
1149 473 1232 538 Deus

84 562 197 606 manua
215 563 286 606 suae
304 545 442 606 virtutem
461 545 536 620 etan
554 552 675 622 exserat,
694 546 837 609 discamus
854 551 964 630 aperire
979 551 1082 614 oculos
1096 560 1130 614 nt
1143 553 1232 616 tidem
1269 585 1274 598 -

88 630 223 686 noeuam
243 623 416 686 conforment
434 624 537 686 iudicia
555 644 631 706 qnae
644 633 745 688 contra
757 625 902 690 Ecclesiae
917 628 1014 691 hostes
1027 639 1149 694 excroet
1170 632 1233 696 Gur

89 705 264 786 interposita
289 705 328 765 ait
350 723 413 764 vox
432 707 475 765 lli
516 713 584 778 tear,
607 709 820 802 qnaeproprie
845 708 1057 771 meditationem
1081 711 1229 792 signifieat,

87 804 152 844 nnn
171 783 230 844 alia
246 783 340 866 magia
359 782 477 865 probat·
491 786 513 844 's
531 784 696 848 ratio‘unhr
713 788 847 866 occurrit,
865 805 952 868 qnam
972 790 1051 870 quod
1071 792 1140 870 piae
1151 809 1231 852 men·
1357 781 1359 794 '

86 871 135 923 tea
160 863 290 924 retinere
309 861 402 924 voluit
421 861 516 923 David
534 865 565 924 in
584 863 752 926 meditandis
770 863 828 928 Dei
846 865 963 928 iudiciis.
993 867 1103 930 Eodem
1122 877 1233 952 special

86 961 152 1002 vox
172 945 279 1028 Sqtnt:
304 959 391 1024 quam
410 942 477 1003 alibi
496 943 619 1004 diximus
637 945 680 1004 sic
698 951 814 1008 cantum
832 953 1017 1028 temperasse,
1037 956 1070 1008 ot
1089 950 1152 1032 ipaa
1171 969 1232 1013 mo

86 1021 204 1083 dolatio
225 1023 269 1083 rei
286 1029 317 1084 et
336 1029 503 1104 argumento
521 1029 700 1105 congruerat.
780 1101 785 1120 ι
1108 1085 1114 1098 ,
1232 1077 1234 1084 ,

181 1216 499 1328 {adorerentur
523 1257 612 1354 impii
639 1261 674 1328 in
694 1259 867 1344 inlcr‘nume
895 1285 1007 1330 ornnes
1028 1273 1139 1354 gentes
1160 1263 1235 1331 obli·

90 1376 143 1434 tae
165 1361 292 1434 Deum.
339 1358 392 1434 19.
415 1363 505 1456 Quia¹
518 1389 585 1435 uon
606 1365 640 1434 in
661 1371 823 1438 antemium
847 1365 999 1450 oblivioni
1021 1367 1079 1438 erit
1099 1388 1235 1464 paupere

93 1494 166 1564 spes
189 1470 363 1538 humilium
383 1492 451 1538 non
471 1495 575 1564 usque
594 1472 715 1566 peribit.

88 1692 94 1700 ·
175 1661 225 1724 18.
248 1661 469 1722 θοιιιιιιιιιιιιι.
507 1659 591 1722 ltlulti
614 1661 646 1722 in
670 1663 799 1744 optativo
818 1662 992 1724 transierunt
1011 1659 1232 1740 Convertuntur,

95 1741 155 1809 ιιιῐ
173 1746 250 1800 esset
267 1740 448 1821 imprecatio:
468 1741 519 1802 sed
537 1737 633 1821 potius
652 1741 730 1818 (meo
744 1741 862 1820 iudicio)
880 1759 912 1802 se
925 1739 955 1804 'et
968 1741 1040 1802 alios
1055 1761 1154 1803 omnes
1166 1743 1232 1824 pioa

96 1817 198 1880 David
215 1819 247 1880 in
265 1825 415 1900 porterum
435 1820 599 1894 confirmat,
624 1821 761 1902 quicquid
780 1829 919 1882 conentur
938 1821 1081 1896 ιιιιιιιιι,
1098 1823 1171 1902 ipsis
1189 1823 1232 1882 iu·
1264 1863 1267 1873 ·

99 1899 222 1960 feliciter
239 1917 385 1960 oeasurum
408 1901 610 1980 pronuncians.
646 1898 839 1962 Convertendi
858 1900 947 1962 verbo
966 1901 1054 1960 atium
1073 1909 1161 1980 qum
1178 1919 1234 1981 pn·

101 1985 166 2040 tent
185 1979 289 2039 exitum
307 1997 359 2046 eos
377 1997 494 2044 manere
512 1978 661 2064 aignificat,
680 1979 778 2041 subeat
795 1981 872 2064 enim
890 1983 976 2040 tacita
995 1979 1141 2042 antithesis
1159 1980 1233 2041 inter

100 2057 280 2120 altitudinem
309 2057 445 2120 audaciae
473 2066 503 2120 et
530 2061 650 2120 ruinam.
696 2058 772 2138 Quia
797 2060 873 2121 enim
904 2060 984 2120 nullo
1009 2057 1065 2119 Dei
1089 2065 1169 2120 metu
1193 2063 1234 2120 te·

98 2143 218 2214 nentur,
242 2155 304 2198 ιιιι
329 2136 452 2200 efferunt
474 2157 560 2221 supra
583 2137 686 2199 nubea.
720 2137 832 2199 Deinde
858 2139 940 2220 quari
964 2139 1020 2198 illis
1038 2139 1139 2198 foedus
1159 2145 1234 2199 esset

99 2235 167 2278 uum
184 2224 290 2292 morte,
309 2217 549 2298 quemadmodum
568 2217 636 2281 dicit
654 2217 814 2292 lesaias28‚
834 2219 896 2294 15.)
916 2219 1008 2278 multo
1027 2217 1176 2298 superbius
1190 2219 1233 2278 in·

100 2295 260 2372 ntescnnt,
279 2295 350 2356 dum
368 2297 446 2378 ipsos
465 2305 526 2360 tam
545 2317 644 2359 secure
662 2299 758 2360 iurare
777 2297 915 2372 videmus,
934 2291 1070 2358 edmon'et
1087 2295 1233 2378 Propheta

98 2377 271 2458 praecipites
291 2377 502 2454 amentissimi,
521 2385 555 2438 ut
567 2377 684 2445 tandem
697 2379 727 2450 in
741 2377 904 2458 sepulcrum
917 2377 1058 2451 decidant,
1077 2396 1095 2436 a
1110 2395 1168 2457 quo
1180 2397 1235 2458 pu·

98 2455 199 2516 tabant
222 2475 255 2516 ae
279 2455 443 2538 longissime
468 2459 580 2518 distare.
614 2448 670 2518 Hic
694 2477 763 2538 ergo
788 2455 881 2517 subita
901 2465 930 2517 et
948 2457 1094 2538 inopinata
1112 2457 1260 2516 mutatio·

96 2533 181 2596 uobis
202 2533 385 2611 demutor,
409 2555 467 2618 qua
484 2535 566 2598 Deus
586 2536 635 2596 nbi
654 2537 749 2598 visum
767 2543 826 2613 est,
844 2555 891 2596 res
910 2536 1037 2597 turbatas
1057 2537 1087 2597 in
1106 2533 1235 2596 ordinem

95 2615 233 2676 restituit.
270 2611 393 2696 Quoties
412 2637 481 2698 ergo
500 2623 581 2678 extra
600 2635 685 2677 omne
705 2617 856 2677 discrimen
874 2615 931 2676 alte
950 2616 1072 2676 volitant
1089 2615 1187 2696 impii,
1203 2613 1237 2676 li·

95 2693 141 2755 dei
169 2693 263 2756 oeulis
286 2695 513 2778 contemplemur
537 2696 616 2778 quod
634 2697 692 2756 illis
711 2702 843 2776 paratum
862 2702 914 2758 eat
942 2697 1122 2778 sepulcrumr
1146 2700 1236 2755 certo·

98 2795 156 2856 qne
170 2777 301 2856 pesuuan'
316 2775 414 2852 umus,
432 2775 489 2837 Dei
504 2793 630 2850 manum,
649 2777 716 2837 licet
730 2775 843 2836 occulte
856 2775 903 2850 sit,
921 2793 1013 2858 prope
1025 2776 1142 2849 instare,
1161 2791 1237 2854 qnae

96 2873 203 2916 eorum
217 2870 349 2929 cursum,
369 2873 429 2936 quo
443 2857 554 2917 coelum
568 2853 713 2936 petebant,
732 2855 768 2914 ed
781 2854 887 2915 inieras
901 2860 1048 2916 momento
1061 2860 1124 2914 reto
1180 2857 1236 2914 eat.
1284 2917 1286 2924 ,
1409 2809 1410 2850 E

96 2931 217 2995 Nomen
231 2929 554 3006 Hebraicumnw
568 2933 646 3015 quod
666 2933 784 2993 dubium
803 2939 877 3006 erat,
895 2952 949 3014 per
962 2933 1104 2992 infernum
1117 2951 1148 2992 re
1168 2931 1237 2991 dere

98 3033 162 3076 non
188 3013 326 3074 dubitavi.
361 3011 486 3102 'lamuel
510 3013 587 3074 enim
611 3012 818 3108 nondiaplieet
835 3012 916 3093 quod
934 3013 982 3073 alii
1000 3017 1116 3072 vertunt
1135 3009 1237 3092 Sepul-

98 3111 201 3154 cmm:
220 3100 332 3156 certum
351 3099 447 3154 tamen
466 3097 518 3166 eet,
538 3094 631 3152 notari
650 3091 757 3173 aquerd
776 3109 793 3151 a
812 3089 952 3174 propheta
966 3091 1042 3150 ultra
1055 3107 1238 3152 communem

98 3179 243 3247 mortem,
267 3172 375 3268 alioqui
398 3171 470 3234 nihil
492 3172 529 3231 de
548 3171 831 3268 sceleratisdicerct,
855 3170 933 3251 quod
951 3191 1013 3267 non
1030 3171 1114 3230 etiam
1133 3169 1238 3252 promi-

103 3271 179 3314 scue
199 3253 315 3314 caderet
332 3273 364 3314 m
383 3271 481 3313 omnes
501 3251 607 3327 fideles,
627 3258 709 3312 ercutr
728 3271 759 3312 er
778 3271 797 3312 o
816 3269 876 3312 non
895 3251 1059 3333 simphuter
1072 3249 1108 3310 de
1121 3257 1238 3312 aeterno

100 3333 223 3429 interitu
246 3331 388 3430 loquitur,
411 3333 450 3391 ita
476 3332 562 3428 etipm
588 3330 641 3392 aab
664 3338 760 3428 metap
780 3349 830 3392 ora
854 3333 990 3412 sepulcri,
1012 3331 1116 3428 impios
1139 3345 1239 3393 omues

100 3417 249 3494 penturos
268 3409 408 3494 argurficat
426 3417 455 3472 et
473 3411 617 3484 exitialem
635 3411 691 3471 illae
711 3411 773 3472 iore
788 3427 870 3471 suam
884 3409 1091 3484 confidentiam,
1111 3427 1168 3490 qua
1187 3427 1252 3490 pec

101 3509 193 3630 ιι
211 3489 1239 3631 ιιιιιιιιιιιιιιιιιιιιιιιιιιι
1299 3545 1303 3556 =

101 3649 186 3710 lento
205 3649 341 3732 impulsu,
361 3651 410 3732 qui
425 3589 479 3710 t{Ide
499 3649 560 3709 sine
578 3667 630 3731 ιρι
648 3651 742 3710 exitus
762 3590 921 3731 doringa,
938 3610 1011 3730 ’epum
1031 3649 1127 3730 potius
1146 3648 1177 3708 in
1195 3665 1239 3708 ae·

103 3729 208 3812 pulcro
227 3727 379 3804 reconditi,
399 3747 450 3811 epe
468 3735 566 3789 tamen
584 3731 618 3790 in
634 3729 718 3792 coelo
734 3727 870 3789 habitant.
1057 3756 1062 3767 ·

104 3811 416 3952 marinii&
429 3807 965 3970 ttssttffliittdaitt
980 3805 1241 3963 “dodelini

105 3967 265 4108 :attii
281 3966 800 4129 tsszflntttutttftttlttftt
815 3964 1241 4184 iiiiii‘fliiffii

107 4135 181 4188 strae
207 4127 389 4188 afflictiones:
409 4127 459 4186 sed
478 4125 528 4187 ubi
546 4145 600 4187 nos
620 4127 669 4187 diu
683 4145 769 4188 cruce
783 4125 935 4200 domuerit,
955 4131 1001 4185 tan
1023 4143 1069 4184 em
1085 4127 1241 4183 succurrat.

107 4203 145 4268 Et
164 4205 200 4269 de
217 4227 268 4290 ιρι
281 4205 329 4267 rel
342 4207 553 4288 exspectatione
568 4207 737 4267 nominatim
749 4207 877 4286 loquitur
890 4201 995 4278 David,
1015 4209 1049 4264 nt
1063 4219 1115 4262 noa
1129 4201 1165 4262 ad
1178 4219 1241 4282 pre·

110 4307 157 4348 ces
179 4286 322 4350 hortetur.
356 4285 425 4346 ldeo
449 4287 526 4348 enim
550 4287 586 4346 ad
606 4293 718 4347 nostrae
734 4303 883 4347 aerumnas
903 4285 1037 4345 connivet
1055 4279 1150 4358 Deus,
1175 4281 1243 4362 quia

109 4367 173 4431 unit
193 4364 330 4452 precibus,
343 4367 448 4435 nostris
467 4365 662 4456 expergefieri,
680 4385 748 4434 uam
762 4363 812 4430 nbi
826 4371 894 4429 rote
908 4369 1006 4432 nosue
1019 4359 1143 4440 exaudit,
1162 4362 1244 4450 (ριιιί
