2726 4888
401 293 625 337 rursaum
659 293 764 336 uaeris.
844 251 849 268 Ι
1048 263 1054 272 ’
1100 295 1152 352 501

20 417 55 476 lii
84 422 209 490 vortunt,
230 415 371 491 onerabit,
395 417 444 477 a'lii
490 411 608 491 brtabit,
637 417 686 478 sed
712 419 741 478 in
761 436 793 478 re
817 415 888 479 uilail
912 423 956 478 est
976 417 1153 480 discriminis.
1218 462 1226 480 .

20 509 112 576 iaque
132 501 231 556 tenere
249 497 381 572 sultieiat,
403 504 571 558 continuum
589 497 765 558 liberalitatis
784 505 914 558 tenorem
933 497 1064 558 fidelibus
1106 519 1152 559 ro·

20 577 99 634 silli:
124 577 183 636 aesi
208 575 313 638 diceret
332 575 430 638 David
454 597 600 658 nunquam
620 579 650 638 iu
676 597 761 638 nnrsn
780 576 983 638 beneticentiae
1001 597 1069 638 suae
1084 519 1151 638 int-

20 657 66 714 eri
91 657 164 736 quin
184 657 266 715 noris
286 655 405 717 subinde
425 657 507 717 bonis
526 657 665 738 populum
684 675 768 716 suum
789 657 924 718 cumulet.
960 655 1046 718 tone
1066 660 1152 718 etiam

20 734 175 814 mpbatine
194 737 287 816 posita
306 743 350 795 est
370 737 450 796 litera
470 745 509 810 Π,
529 757 603 816 quae
623 755 708 816 saepe
718 737 970 798 demonstrativum
1010 757 1151 798 ronomen

20 815 87 874 alet
112 815 190 894 apnd
210 813 367 875 Hebraeos:
392 817 449 876 acsi
474 815 563 896 digito
588 815 749 876 ostenderet
772 815 878 887 Deum,
902 817 948 876 eui
969 759 1031 896 piiss
1052 836 1151 878 omues
1179 849 1183 858 ·

20 895 211 1044 ιηὶξάεοεῑε
237 895 319 954 sinnii
345 895 429 956 etiam
455 897 588 978 proximo
617 910 718 970 versu,
742 915 831 976 quum
857 869 1151 968 iresterna.

20 985 45 1034 st
103 979 143 1046 tt,
159 993 228 1034 uon
254 973 368 1055 ridetur
386 993 562 1054 supervacua
581 985 643 1034 esse
663 975 876 1035 demonstratio.
917 973 1080 1036 cohaerent
1099 991 1148 1035 un-

20 1073 65 1112 rm
92 1055 165 1113 istae
190 1055 358 1114 sententiae:
383 1057 448 1135 qnia
469 1071 581 1114 summa
606 1054 663 1115 bue
683 1054 781 1128 tendit,
800 1054 895 1114 Deum
916 1049 1060 1115 Ecclesiae
1080 1073 1149 1116 suae

20 1140 182 1214 erpetunm
202 1137 265 1194 asie
285 1133 475 1194 liberatorem.
515 1131 554 1195 m
602 1136 647 1194 nia
671 1136 790 1194 nimium
815 1137 951 1194 erraticae
969 1141 1037 1194 sunt
1056 1133 1148 1194 bomi-

23 1233 81 1272 um
102 1219 220 1285 mentes,
241 1213 352 1273 irsoum
372 1215 496 1273 inlinitur
515 1155 656 1294 quaisob
676 1217 761 1274 unico
782 1221 811 1273 et
831 1213 1059 1273 eertolleoillas
1078 1233 1149 1274 eon·

20 1294 108 1351 ineat.
150 1290 325 1374 Quanquam
350 1301 447 1354 autem
472 1291 603 1353 omnibns
628 1297 758 1375 exposita
781 1299 825 1354 est
848 1293 924 1353 salus
947 1292 1018 1368 Dei,
1047 1295 1149 1354 merito

20 1391 107 1432 amen
127 1371 163 1431 ad
184 1371 290 1432 eleetos
310 1375 487 1454 restriop'tur
506 1374 685 1456 privilegium
698 1373 762 1448 hoe,
783 1371 1148 1434 utsentiantmodiaomui·

24 1471 62 1510 us
84 1469 116 1511 se
137 1469 153 1511 a
174 1449 238 1512 Deo
259 1454 379 1512 servari:
400 1455 466 1591 epula
486 1452 601 1534 reprobi
626 1471 677 1512 sna
696 1452 896 1534 ingratitudine
915 1453 1004 1512 vitam
1024 1453 1053 1512 iu
1072 1471 1148 1513 mor·

20 1553 67 1590 em
89 1537 270 1592 convertunt.
310 1531 370 1592 Neo
389 1551 404 1591 a
426 1552 439 1591 s
459 1551 490 1592 re
509 1535 618 1594 solutes
636 1535 733 1614 posuit
752 1551 872 1593 numero
893 1531 1004 1614 plurali,
1024 1538 1058 1591 ut
1078 1533 1149 1592 scia·

20 1631 83 1682 nus,
103 1613 237 1690 qnamris
257 1631 310 1672 nos
336 1611 483 1673 obsideant
505 1613 671 1686 innumerae
695 1619 817 1688 mortes,
841 1615 1006 1671 innumeros
1032 1627 1149 1692 quoque
1262 1641 1273 1662 o

20 1689 142 1750 ervanrir
162 1691 263 1750 modos
283 1689 347 1751 Deo
368 1694 478 1752 esse'in
498 1699 644 1774 promptu,
668 1699 702 1752 ut
721 1691 807 1752 hodie
825 1694 924 1773 erepti,
944 1693 972 1750 ln
993 1693 1147 1751 erastinum

20 1789 82 1830 ene
106 1787 262 1852 speremus.
301 1769 411 1831 Eodem
436 1771 528 1830 relero
576 1771 696 1831 osterins
716 1770 887 1845 membrum,
912 1769 961 1831 ubi
980 1772 1010 1829 in
1030 1770 1177 1830 arbitrio2

20 1853 71 1908 ius
95 1869 156 1932 esse
180 1851 264 1910 donet
287 1861 395 1910 exitus*
409 1859 522 1911 menate
589 1869 635 1911 am
661 1852 739 1932 qood
764 1851 811 1910 atii
835 1857 951 1910 vertunt
977 1849 1079 1910 Exitus
1111 1849 1147 1908 ud

20 1935 140 2002 nortem,
161 1931 241 2010 quasi
261 1931 399 2010 intelligat
418 1929 514 1990 David
533 1937 699 2011 promptum
725 1936 754 1990 et
773 1930 855 1990 iaeile
880 1949 943 1989 esse
963 1929 1028 1990 Deo
1047 1929 1147 1990 nleisui

20 2018 35 2068 t
66 2011 183 2088 perdere
208 2029 276 2070 suos
301 2009 411 2070 hostes:
435 2009 504 2077 milri
530 2017 658 2069 eoactum
683 2009 804 2070 videtur.
844 2009 927 2070 Alter
951 2027 1021 2076 vern
1045 2028 1146 2070 seusus
1200 2049 1205 2064 .

20 2091 120 2169 »ptime
135 2091 211 2164 tlnit,
230 2088 316 2150 miras
341 2109 403 2150 esee
422 2096 452 2149 et
476 2092 567 2149 varias
593 2096 623 2150 et
642 2089 832 2149 absconditas
845 2091 968 2148 rationes
989 2087 1064 2162 Deo,
1085 2091 1146 2169 qui·
1218 2091 1225 2108 ⁸

20 2189 64 2227 rus
83 2187 151 2230 snos
170 2189 187 2229 a
207 2176 300 2231 morte
319 2170 349 2229 in
373 2170 462 2229 vitam
482 2171 593 2228 excitet.
635 2167 744 2229 Definit
762 2171 839 2229 enim
860 2169 1006 2250 quomodo
1026 2187 1145 2228 suorum

20 2251 42 2307 it
64 2245 145 2307 Deus
170 2255 310 2309 serrator:
336 2269 394 2309 uon
414 2249 493 2330 quod
513 2251 678 2330 praeveniat
702 2267 814 2331 semper
833 2255 954 2308 mortem
974 2250 1075 2330 ipsam,
1096 2245 1146 2307 sed

20 2329 77 2408 puio
103 2328 151 2388 ubi
191 2347 271 2388 assus
295 2336 340 2388 est
363 2329 576 2426 quodammodo
602 2328 759 2404 absorberi,
786 2335 903 2409 repente
929 2328 978 2388 dat
1001 2327 1146 2387 mirabiles

20 2410 115 2468 uitus.
155 2349 243 2490 lique
266 2427 301 2468 eo
326 2409 425 2488 magis'
439 2407 597 2468 notandum
623 2415 685 2484 est,
705 2413 737 2469 ut
756 2407 907 2483 diseamus,
926 2409 987 2467 eiua
1007 2407 1146 2467 auxilium

21 2509 71 2548 rou
91 2489 183 2548 metiri
208 2507 293 2550 sensu
317 2488 450 2570 proprio,
475 2487 526 2548 sed
549 2489 578 2547 in
604 2487 723 2566 abyssos
744 2487 876 2564 demersi,
897 2487 932 2547 ad
953 2485 1008 2546 Dei
1028 2505 1146 2547 manum

23 2587 77 2649 pes
103 2573 212 2630 nostras
237 2567 409 2645 reseramus,
439 2568 520 2629 unius
544 2569 694 2650 proprium
723 2573 767 2629 est
790 2567 867 2629 dam
891 2567 1043 2650 periuria
1066 2573 1146 2650 pate·
1223 2578 1234 2592 ⁸

21 2667 113 2708 acere.
663 2660 666 2668 ’

90 2731 137 2790 22.
159 2731 242 2791 Certe
260 2733 350 2792 Deru.
392 2728 469 2810 Quia
489 2737 522 2792 nt
531 2727 656 2792 Ecclesia
675 2728 742 2792 hino
760 2729 826 2791 inde
846 2745 863 2790 a
882 2725 984 2789 validis
1004 2733 1034 2788 et
1052 2725 1146 2810 saeris

22 2805 315 2891 nostibus'impetitor,
335 2813 520 2892 assiduosque
543 2811 665 2870 insultus
690 2809 824 2884 sustinet,
848 2829 906 2868 non
932 2807 1013 2868 aliter
1039 2807 1146 2868 serrari

22 2895 104 2948 »otest
122 2907 207 2969 qnam
228 2889 294 2950 lorti
314 2897 343 2951 et
362 2891 486 2951 violenta
506 2889 677 2963 defensione,
697 2888 792 2950 Deum
807 2887 843 2948 ad
858 2887 1024 2948 steme'odos
1044 2905 1145 2948 omnes

22 2970 112 3048 mpios
131 2969 246 3028 terribili
267 2972 392 3052 potentia
413 2977 553 3030 armatum
573 2970 680 3030 inducit
699 2967 802 3029 David.
838 2965 915 3047 Quia
935 2986 1004 3026 vero
1025 2966 1144 3026 eandem

22 3049 156 3108 outinuat
174 3049 342 3120 doctrinam,
363 3057 457 3130 potest
477 3050 613 3131 particula
633 3053 690 3146 ¹18
709 3049 816 3109 illatire
836 3048 939 3129 aeeipi:
960 3046 1082 3128 simplex
1101 3051 1144 3105 ta·

23 3147 77 3188 oen
101 3127 251 3189 affirmatio
275 3130 406 3190 sniiioere
429 3129 490 3190 nisa
510 3137 563 3190 est.
603 3127 701 3190 Primo
727 3136 822 3188 autem
842 3125 999 3187 notmdum
1019 3133 1072 3200 est,
1091 3143 1143 3185 vo·

23 3211 68 3268 ari
88 3205 142 3296 Dei
166 3208 263 3270 hostes
288 3212 451 3306 quipuoque
496 3209 530 3269 iis
555 3210 658 3269 iniuste
682 3209 794 3270 molesti
820 3213 901 3266 sunt:
926 3227 963 3267 ne
983 3205 1144 3302 dubitemus

23 3288 451 3444 trasmittas,
478 3309 540 3428 tlt
552 3288 817 3450 nliniliiilffi·
836 3284 1144 3448 ..ltttttllttt

24 3449 187 3532 linosfiget
206 3451 290 3510 Dens
309 3459 400 3531 capot
419 3455 607 3511 inimieorum
626 3455 654 3508 et
672 3457 806 3508 nentium
826 3447 935 3528 captiti,
960 3447 1017 3505 arsi
1037 3443 1144 3504 diceret

24 3527 128 3587 etalitsr
151 3527 342 3588 vulnerandos
366 3547 445 3603 esse,
470 3529 517 3588 vel
537 3529 583 3611 pla
605 3547 621 3588 a
640 3527 788 3588 insanabili
808 3528 972 3608 quicunque
986 3523 1144 3584 Ecclesiam

24 3607 67 3666 lei
91 3605 234 3668 infestant:
258 3610 425 3689 praesertim
449 3627 520 3670 vero
550 3607 600 3668 ubr
624 3607 711 3692 paulo
734 3614 816 3688 post,
839 3604 937 3667 Deum
961 3625 1014 3690 per
1037 3603 1143 3666 multas

24 3694 117 3768 trages
135 3694 264 3748 ruentem
285 3687 425 3748 describit.

88 3770 135 3830 23.
154 3769 244 3828 Dixit
264 3769 419 3830 Dominam.
450 3763 496 3828 Ns
514 3765 642 3830 victoriis
661 3765 719 3827 suis
734 3763 887 3848 profanum
905 3765 936 3827 in
955 3785 1065 3826 morem
1083 3763 1143 3824 lae·

25 3853 105 3908 entur
123 3845 273 3919 israelitae,
293 3848 343 3908 aed
358 3847 453 3908 Deum
474 3853 630 3927 agnoscant
648 3863 745 3908 earum
766 3852 921 3921 auctorem,
941 3863 990 3905 eos
1010 3845 1046 3904 ad
1066 3845 1141 3924 prin·
1197 3869 1201 3888 ·

25 3923 1143 4083 tt.tttbttlttttt.‘littttttltttttttttttt

26 4086 116 4166 nigine
135 4087 217 4166 qnasi
235 4105 273 4148 ex
290 4049 389 4148 inieris
406 4069 576 4146 emerserint
594 4025 696 4146 euroni
714 4092 810 4168 patres
829 4082 886 4146 Dei
909 4101 996 4143 manu
1015 4082 1142 4142 sintriae.

26 4165 187 4226 fantunalem
206 4166 282 4227 enim
302 4167 380 4226 valet
398 4165 469 4226 haec
488 4167 627 4226 sententia
643 4167 701 4226 aesi
721 4165 848 4240 dixisset,
868 4161 934 4224 Non
953 4163 1018 4222 ideo
1038 4163 1144 4242 eripuit

26 4245 96 4304 ernei
114 4241 194 4306 Deua
213 4246 351 4327 populum
372 4265 456 4306 snum
476 4263 493 4305 e
512 4247 658 4328 gigantum
668 4245 807 4320 manibus,
827 4251 857 4305 et
876 4263 929 4324 gur
949 4241 1034 4302 ‘tibus
1053 4242 1142 4304 maris

26 4325 108 4398 iubra',
131 4331 164 4385 ut
188 4327 261 4386 euna*
279 4343 357 4386 noue
375 4327 405 4386 in
425 4325 562 4386 similibus
588 4325 722 4406 periculis
748 4325 872 4386 deserat:
897 4263 957 4384 snil
972 4321 1084 4404 quoties
1103 4322 1143 4382 iia

27 4403 104 4464 aierit
121 4407 283 4484 noeesdtas,
302 4411 417 4488 praesto
436 4405 527 4468 aderit
544 4404 685 4466 liberator.
717 4402 831 4466 Scimus
851 4406 926 4465 enim
945 4406 1045 4464 tritum
1064 4401 1142 4462 buna
1206 4408 1211 4426 “
