2818 4886
496 267 541 311 sn
568 269 723 312 sanun
756 271 818 313 nav.
1185 275 1223 332 gp

83 391 184 530 quiqu·
202 387 458 532 nibbmqblinqqum
476 371 771 490 dodanus-aeeemeoe,
790 391 859 465 darn
878 395 909 454 lu
924 393 1045 456 sublime
1058 396 1142 478 qussi
1154 395 1221 462 Deo
1307 375 1310 384 ⁴

82 492 144 532 de
157 493 178 529 0
195 489 251 530 00ss
836 519 838 526 ⁴
1208 519 1217 536 e
1260 501 1265 514 “
1289 535 1293 542 .

165 551 195 612 6.
217 551 381 612 masan
405 559 413 574 ·
499 593 508 610 .
545 547 692 612 Invehitur
715 551 746 612 lu
770 551 840 612 istos
862 551 998 634 Gigantes
1021 540 1124 634 quibus
1147 555 1222 618 lodi-

84 627 150 692 brlo
168 635 213 690 est
230 627 362 690 fidelium
380 629 432 692 aim
465 631 553 706 'oilae
571 631 641 693 dnm
658 632 689 692 iu
708 632 767 694 anis
786 633 906 697 miseriis
925 631 1022 696 Deum
1040 632 1221 699 liberatorem

87 709 374 850 qpiffixsppptnqut.
399 707 438 770 Et
452 715 530 848 qerle
543 709 615 850 nilpil}
630 711 708 771 eami
721 709 834 808 pidetnr
849 713 939 793 magis
952 709 1116 812 absurdum,
1135 735 1223 812 quam
1320 707 1327 731 ⁸

82 809 184 930 boum
203 809 243 928 pp
260 808 436 950 pmgffitv
473 809 528 930 ddi
545 810 608 930 111111
615 797 754 932 8111111111ιιι
751 794 1223 954 1111111111101111111111111111111011111ι

84 949 141 1009 ties
165 947 251 1008 malis
276 947 360 1008 obrui
384 947 413 1006 vi
449 955 481 1008 ut
500 944 556 1008 Dei
581 947 655 1008 lilios
674 949 787 1010 inanem
810 949 856 1026 (ut
875 951 943 1032 ipsis
963 949 1077 1032 quidem
1096 951 1222 1032 videtur)

84 1026 290 1090 confidentiam
304 1026 360 1088 illis
369 1027 552 1108 exprobrant,
566 1029 785 1108 saeuisquesnie
800 1031 943 1112 exagitant
952 1029 1025 1094 bane
1034 1031 1222 1106 securitatem,

83 1105 165 1187 qnod
185 1109 217 1166 iu
236 1105 344 1168 Deum
363 1125 381 1166 a
421 1127 458 1168 no
477 1105 548 1168 nihil
567 1109 692 1168 sentiunt
712 1109 818 1178 auxilii,
836 1109 1010 1173 recumbant.
1036 1109 1136 1193 ltaque
1155 1111 1223 1176 buia

84 1185 238 1267 superbiae
253 1185 392 1250 insultans
432 1185 507 1256 avid,
521 1185 595 1247 bauo
611 1207 729 1268 quoqne
741 1189 821 1250 exitii
840 1207 954 1250 oausam
969 1191 1023 1250 illis
1040 1189 1102 1250 iore
1116 1191 1223 1252 denun-

86 1267 145 1340 tiat,
164 1265 246 1346 qnod
262 1261 399 1330 stultitiae
418 1265 553 1326 damnent
568 1269 883 1348 pauperesetmiseroa,
903 1271 970 1350 quia
981 1269 1043 1330 lreti
1054 1267 1109 1330 Dei
1119 1272 1224 1351 praesi-

90 1345 135 1406 dio
144 1345 231 1406 malis
241 1364 301 1413 non
311 1343 507 1422 succumbant,
516 1363 551 1408 ao
560 1345 645 1408 11111111
657 1345 791 1410 admonet
799 1347 871 1408 nihil
879 1351 968 1430 magis
979 1369 1039 1410 esse
1049 1351 1224 1426 consultum,

90 1443 175 1504 quam
203 1444 222 1484 n
247 1422 375 1484 Domino
405 1425 540 1504 pendere:
569 1432 656 1506 atque
685 1425 761 1486 hano
784 1446 848 1490 esse
871 1431 1009 1510 optimam
1033 1429 1224 1510 prudentiam,
1317 1415 1327 1438 ’

92 1505 221 1586 quamvis
239 1501 330 1566 simus
349 1503 445 1580 allieti,
464 1506 609 1585 quiescere
627 1506 658 1568 in
676 1505 770 1570 salum
787 1505 824 1568 ab
843 1527 880 1570 eo
898 1509 1046 1591 promissa

179 1703 212 1772 7.
238 1703 320 1792 Quis
355 1703 441 1772 dabit
472 1727 519 1774 ex,
536 1704 616 1774 Sion
647 1705 781 1775 salutem
806 1705 923 1778 Israel?
954 1708 1009 1778 ubi
1036 1710 1226 1779 converterit

87 1809 211 1985 labsus
229 1809 440 1903 captivitatem
461 1809 572 1904 populi
593 1809 653 1896 eui,
673 1811 838 1880 laetabitur
858 1811 969 1898 Iuoob,
991 1815 1161 1886 eusrdlabit
1186 1813 1227 1886 le

93 1939 130 1984 ra

176 2061 207 2124 t.
227 2067 299 2137 Quis
317 2063 407 2124 dabit.
446 2061 541 2123 David
561 2063 709 2144 proposita
728 2062 929 2125 consolationis
955 2063 1099 2139 doctrina,
1124 2066 1248 2128 11111111λ

90 2141 130 2202 ad
149 2147 220 2202 vota
238 2147 268 2202 el
306 2146 409 2204 emitas
428 2143 510 2204 redit.
530 2139 599 2222 Qun
619 2144 711 2216 doeet,
730 2145 841 2206 etiamsi
860 2144 910 2206 diu
928 2145 1063 2226 languere
1078 2165 1131 2209 nos
1146 2145 1228 2210 Dens

92 2224 178 2293 siml,
197 2241 258 2284 non
400 2228 497 2284 umen
514 2242 569 2283 nos
587 2222 682 2284 tuedio
701 2221 806 2304 lrangi,
825 2225 894 2305 quin
915 2243 1029 2306 semper
1047 2226 1152 2306 inipso
1167 2227 1228 2306 glo·
1312 2240 1317 2246 ’

89 2303 213 2362 namur:
242 2299 344 2361 deinde
374 2302 432 2362 bno
454 2303 484 2363 in
511 2303 649 2364 dintumds
672 2303 811 2364 molestiis
835 2305 975 2387 optimum
999 2323 1061 2366 esse
1085 2305 1228 2378 solatium,

92 2387 163 2442 vota
183 2379 305 2442 subinde
324 2388 459 2462 repetere.
478 2379 569 2444 Porro
588 2401 712 2448 uonrea
732 2384 783 2444 icit
801 2383 837 2443 ad
857 2383 987 2446 dextram
1007 2383 1054 2444 rel
1074 2385 1226 2458 sinistram,

90 2467 126 2522 nt
149 2458 188 2520 ab
212 2479 272 2522 nno
296 2459 362 2522 Deo
386 2461 485 2522 oeulos
508 2461 675 2536 detleoteua,
699 2403 787 2523 adium
811 2459 990 2524 liberatorem
1017 2471 1148 2544 quaerat:
1179 2465 1228 2524 aed

91 2539 265 2602 sciscitando
290 2541 354 2621 quia
378 2539 455 2602 dabit
474 2541 607 2602 salutern.
632 2547 744 2602 tantum
769 2541 912 2604 fervorem
932 2541 1061 2604 desiderii
1081 2545 1229 2626 exprimit:
1281 2580 1285 2589 ‹

92 2621 151 2680 ansi
169 2619 300 2694 dixisset,
318 2617 442 2697 Quando
461 2621 576 2682 tandem
590 2619 670 2681 Deus
690 2621 810 2682 salntem
829 2641 910 2682 suam
929 2623 1074 2704 proferet?
1093 2641 1158 2684 nam
1179 2617 1228 2682 adi

92 2701 153 2760 dito
168 2697 268 2760 Sionis
286 2701 411 2776 nomine,
430 2719 511 2782 spem
529 2719 611 2761 snam
629 2702 659 2760 in
674 2699 739 2762 Deo
759 2701 848 2762 fixam
866 2721 929 2763 esse
947 2709 1075 2774 testatur,
1094 2721 1162 2762 nam
1181 2703 1232 2763 tlte·

92 2786 155 2840 erat
174 2797 258 2840 saner
276 2779 357 2840 leons
377 2779 452 2840 unde
466 2781 633 2860 promiserat
642 2777 723 2840 Dens
738 2801 769 2842 se
783 2782 984 2843 exauditurum
999 2801 1149 2844 servornm
1164 2802 1229 2857 suo,

92 2879 158 2920 rum
177 2878 292 2940 poenes:
311 2859 458 2920 illuderet
472 2859 644 2920 domicilium
661 2858 753 2921 Areae
767 2859 899 2935 laederis,
917 2859 992 2940 quie
1006 2859 1092 2921 archa
1108 2868 1138 2920 et
1152 2881 1231 2939 sym-

93 2939 195 3000 bolum
220 2945 284 3000 erat
307 2940 482 3020 praesentiae
500 2937 566 3000 Dei.
595 2935 662 3002 Nan
684 2957 754 3019 ergo
779 2938 889 3000 dubitat
909 2941 1040 3018 1111111111
1059 2939 1173 3000 iuturus
1192 2941 1231 3000 sit
1281 2981 1287 2988 -
1369 2960 1371 2968 ’

94 3019 195 3080 eulatia
212 3025 326 3079 auctor:
346 3017 397 3080 sed
411 3019 495 3080 noxie
509 3023 591 3099 rogat
604 3017 719 3097 quando
733 3017 848 3078 tandm
862 3015 988 3099 pmdibit
1001 3018 1078 3078 salus
1092 3019 1151 3093 illa,
1170 3037 1231 3080 nnn

95 3098 212 3158 aliunde
232 3097 370 3178 speranda
389 3117 476 3179 quarn
494 3095 530 3158 ab
550 3117 608 3158 nno
625 3095 698 3157 Deo.
730 3095 885 3176 Quaeritur
908 3105 1013 3172 nmen,
1032 3097 1056 3158 ai
1077 3095 1149 3158 haee
1167 3117 1232 3180 pre·

95 3179 170 3240 ostio
189 3179 315 3260 pertinet
332 3175 369 3238 ad
388 3185 502 3259 tempus
515 3175 620 3250 Saulis,
640 3178 690 3257 qui
709 3179 860 3238 conveniat
873 3175 991 3238 Sionem
1009 3177 1150 3238 nominari
1170 3177 1231 3240 aanss

96 3277 184 3340 qnam
211 3255 268 3318 Dei
291 3259 499 3318 11111111111111111.1
525 3255 559 3317 Si
584 3257 631 3318 eni
655 3257 781 3340 plaoeat,
816 3255 928 3338 Spiritu
951 3255 1121 3340 prophetico
1145 3257 1232 3320 fuisse

95 3337 275 3420 praedielum
293 3335 438 3398 aDavide
457 3337 536 3418 quod
554 3335 683 3398 nondum
703 3337 798 3418 pelam
812 3335 917 3398 laetum
932 3344 1002 3410 erat,
1022 3357 1082 3403 nou
1095 3357 1164 3418 repa
1185 3357 1233 3412 no,
1359 3363 1365 3370 ·

96 3415 168 3478 milri
188 3419 287 3479 11111111
306 3415 452 3497 probabile
470 3417 592 3490 1111111111,
611 3423 764 3498 postquam
777 3415 853 3478 Ama
867 3415 988 3478 foederis
1002 3417 1032 3478 in
1047 3423 1145 3478 moute
1160 3358 1233 3478 Sion

97 3495 193 3558 loeala
218 3501 295 3570 eret,
320 3497 509 3578 compositum
531 3495 619 3557 luisse
637 3495 714 3558 huno
733 3494 888 3559 Psalmum.
918 3495 1031 3557 Scimus
1050 3498 1126 3558 enim
1144 3493 1234 3556 Davi·

97 3577 180 3648 dem,
200 3581 234 3636 ut
252 3577 375 3660 posteris
393 3575 562 3652 consuleret,
581 3595 633 3656 per
653 3577 744 3636 otium
763 3583 894 3636 netemae
912 3577 1067 3638 memoriae
1086 3577 1234 3637 mandasse

98 3673 174 3736 qnae
200 3653 289 3736 longo
314 3662 380 3716 aute
403 3663 534 3736 tempore
558 3655 725 3717 aesiderant.
762 3655 897 3716 Ceterum
917 3655 995 3736 quod
1014 3653 1146 3718 lsraelem
1165 3655 1234 3716 libe·
1369 3692 1372 3705 ι

46 3737 48 3746 ’
98 3735 157 3796 rari
175 3735 264 3816 eupit,
284 3733 351 3794 bine
369 3737 568 3829 cognoscimus
586 3755 645 3796 uon
660 3743 720 3796 tam
735 3735 869 3816 privatim
884 3735 920 3795 de
935 3753 966 3796 sa
981 3737 1127 3818 cogitasse,
1148 3753 1234 3815 quam

100 3814 136 3874 do
160 3815 309 3876 communi
327 3811 470 3876 Eodesme
489 3814 581 3876 salute
599 3815 686 3875 luisse
711 3815 871 3874 sollicitum.
905 3811 994 3894 Quod
1018 3835 1053 3876 eo
1074 3815 1235 3894 diligentiae

100 3893 262 3956 anundum
281 3899 334 3968 est,
353 3896 421 3976 quia
441 3893 508 3954 dum
528 3895 660 3976 proprius
680 3893 764 3954 dolor
781 3913 1015 3976 unumquemque
1035 3901 1156 3974 oocupat
1176 3893 1236 3954 fere

99 3973 254 4054 negligitur
273 3973 387 4055 publica
406 3973 525 4034 lratmm
545 3973 629 4034 salus.
655 3972 747 4054 Atqui
766 3973 892 4054 singulae
912 3975 970 4034 suis
991 3975 1071 4034 melis
1087 3971 1168 4034 Deus
1188 3971 1236 4032 ad·

98 4060 209 4192 mopet,
230 4060 270 4192 ult)
282 4071 365 4192 ouqas
384 4073 451 4114 suaa
470 4053 508 4192 alq
525 4060 617 4192 tqltum
631 4049 1236 4194 Enoteslieefiqqppualpbonvertvqpqqrqperqqd·

97 4153 221 4194 meum
271 4151 317 4192 avr
361 4152 457 4194 seeum
509 4151 767 4214 raemoompee
836 4177 845 4194 .
930 4141 1015 4195 toea
1113 4142 1140 4188 ’.
1207 4149 1236 4190 a·

100 4215 156 4273 tnit
176 4211 221 4272 bia
241 4209 336 4272 verbis
351 4209 458 4288 David,
478 4211 572 4272 Deum
593 4214 708 4274 minime
727 4231 877 4294 passurum
892 4219 926 4272 ut
940 4211 993 4272 sub
1009 4219 1145 4293 perpetuo
1160 4229 1237 4268 mne·
1344 4258 1350 4268 ,

99 4312 166 4354 rore
186 4290 334 4354 tabescant
352 4291 459 4368 fideles,
479 4293 552 4352 deut
571 4291 636 4353 alibi
657 4291 768 4366 dicitur,
788 4291 864 4354 Psal.
885 4293 953 4365 126,
972 4293 1000 4356 5.
1022 4287 1082 4367 Qui
1100 4290 1239 4350 seminant

101 4373 132 4436 in
159 4371 312 4453 laorpmis,
334 4372 366 4434 iu
389 4372 579 4436 mutatione
609 4379 725 4435 metent
755 4369 857 4452 Neque
875 4371 951 4434 euim
970 4367 1089 4452 dubium
1107 4373 1151 4431 est
1170 4369 1240 4450 quin
1349 4437 1354 4446 ,
