2804 4890
897 129 914 164 θ

430 277 705 332 ‘sundram
735 289 822 334 xxnr.
984 281 1035 314 ”
1171 295 1224 352 trs

84 413 123 472 ad
139 431 240 474 omnes
256 409 412 473 vincendos
427 420 520 473 metus
540 413 645 474 inuicta
664 415 822 478 constantia
836 421 966 481 ,armatus
985 422 1038 476 est.
1059 413 1162 498 'Neque
1181 425 1222 480 ta·

82 511 155 554 men
174 512 205 552 se
225 494 304 552 omui
323 498 402 552 metu
421 511 545 554 vacuum
564 512 626 554 esse
646 494 761 556 metavit
770 493 875 567 David,
894 495 946 556 sed
964 501 1075 556 tuntum
1094 496 1157 557 sore
1175 517 1223 560 su·
1264 545 1266 552 ,

83 573 238 654 perierem,
258 578 290 632 ut
309 572 449 652 intrepide
469 591 644 654 quoeunque
662 573 800 632 deductus
815 573 901 634 fuerit
915 593 933 633 a
947 582 1061 654 pastore
1074 592 1138 647 sno,
1157 598 1221 657 per·

83 658 147 728 gat:
168 650 248 730 quod
268 667 306 710 ex
326 658 464 711 contextu
482 653 584 711 meiius
604 659 692 733 patet„
734 649 829 712 Primo
850 654 926 728 dicit,
945 655 1019 715 Nou
1037 659 1140 716 timebo
1159 680 1223 720 suu-

82 735 161 791 trms:
188 729 238 790 sed
261 749 377 790 causam
396 749 465 790 mox
484 731 618 802 reddens,
643 750 658 790 a
680 737 740 791 erte
760 731 865 792 tatetnr
884 751 914 792 se
934 734 963 792 in
983 733 1076 794 baculi
1096 743 1222 815 pastora-

80 812 119 870 lis
139 815 274 890 respectu
294 828 432 890 quaerere
451 811 559 871 timoris
578 831 637 870 rem
675 813 742 870 ium.
784 809 932 888 Quorsum
957 815 1033 872 enim
1057 818 1220 876 consolatio

82 893 152 962 ista,
173 889 227 948 nisi
247 889 321 968 quia'
334 895 428 948 metus
447 906 513 950 eum
533 890 683 950 sollicitat?
702 889 867 950 Tenendum
886 893 972 972 igitur
991 899 1044 964 est,
1063 913 1152 973 quum
1162 893 1221 956 Da·

81 969 134 1028 vid
164 969 261 1028 animo
290 967 514 1048 apprehenderet
538 989 612 1049 quae
636 969 758 1030 incidere
783 977 914 1050 poteraut
937 972 1134 1046 incommoda,
1161 993 1221 1036 non
1317 1025 1320 1030 Δ

83 1051 171 1108 aruer
189 1047 276 1106 tuisse
295 1048 481 1124 tentationum
500 1049 648 1121 victorem,
667 1050 721 1108 nisi
740 1051 807 1129 quia
826 1069 857 1109 se
877 1052 907 1110 iu
916 1049 974 1110 Dei
994 1069 1092 1112 curam
1111 1053 1221 1114 reiecit:

84 1128 168 1208 quod
188 1129 284 1206 ipsum
305 1127 384 1201 (iicet
403 1126 563 1202 obscurius)
584 1127 639 1188 iiac
657 1129 743 1188 etiadr
764 1129 900 1208 particula
920 1136 986 1190 ante
1004 1131 1123 1206 dixerat,
1144 1129 1222 1210 Quia

83 1215 118 1267 tn
137 1225 260 1286 mecam»
273 1225 318 1266 es:
338 1223 430 1286 neque
450 1208 525 1266 enim
536 1206 595 1269 Dei
612 1208 800 1287 praesentiam
819 1211 975 1288 requireret
994 1212 1105 1270 timoris
1125 1213 1221 1272 vacui·

83 1295 140 1348 tas.
181 1285 367 1366 Addeqnod
390 1305 449 1346 non
474 1287 638 1371 vulgaribus
656 1293 768 1348 tautum
787 1295 815 1348 et
836 1289 1009 1368 quotidianis
1028 1289 1110 1350 malis
1130 1311 1149 1350 o
1171 1311 1221 1372 po·
1327 1297 1330 1303 “

84 1369 126 1426 nit
142 1365 199 1426 Dei
215 1365 395 1444 praesidium.
414 1365 463 1424 sed
484 1382 557 1445 quae
571 1367 670 1426 mortis
690 1367 808 1447 robigine
823 1375 934 1430 mentes
949 1369 1125 1450 perturbant.
1145 1311 1220 1432 Rem

88 1427 218 1514 ηπῶς
239 1443 435 1504 Grammaticis
455 1443 592 1506 Hebraeis
616 1445 729 1506 videtur
753 1465 814 1506 essa
839 1447 924 1508 dictio
944 1451 1222 1530 composita‚·quasi

88 1525 165 1584 dieas
188 1523 303 1582 letalem
326 1523 465 1584 umbram.
505 1525 625 1588 Altudit.
639 1532 736 1586 autem
755 1525 852 1586 David
882 1527 918 1586 ad
938 1527 1075 1590 obscuros
1094 1547 1221 1590 recessus

90 1610 141 1662 aut
160 1602 287 1662 ferarum
306 1621 454 1664 cavernas:
496 1625 533 1664 uo
554 1608 578 1664 si
597 1606 662 1685 quis
681 1607 844 1679 accesserit,
864 1605 960 1666 statim
979 1609 1071 1688 primo
1091 1609 1221 1688 ingressu

88 1688 221 1742 wcorret
238 1683 339 1742 mortis
359 1689 458 1742 terror.
510 1703 566 1746 uno
586 1683 701 1764 qnando
722 1683 803 1744 Deus
820 1687 850 1744 in
861 1684 924 1746 Filii
943 1689 1078 1766 unigeniti
1099 1707 1222 1768 persona

88 1781 121 1822 se
145 1761 227 1822 uobis
249 1762 420 1822 luculentius
445 1782 532 1843 quam
556 1764 625 1824 otius
644 1759 776 1824 Patribus
799 1763 949 1844 sublege
972 1773 1116 1848 pastorem
1142 1769 1221 1828 extri·

87 1841 237 1912 baianen
256 1843 325 1900 satis
344 1840 459 1901 honoris
479 1842 629 1904 tribuimus
642 1843 704 1904 eius
717 1844 944 1920 custodiae‚¹uisi
960 1847 1095 1907 coniectis
1110 1847 1141 1908 in
1157 1867 1222 1910 cam

92 1921 184 1990 ocutis
201 1920 344 1982 ulmeam
364 1939 462 1982 omues
482 1922 655 1984 tormitbnes.
751 1957 754 1967 λ

176 2147 210 2214 5.
233 2145 359 2214 Parabis
380 2147 413 2214 in
435 2157 608 2238 conspectu
630 2171 704 2217 meo
727 2127 871 2217 mensam
893 2173 1000 2218 eoram
1019 2161 1222 2243 persequuto

89 2251 178 2320 ribus
204 2253 300 2335 meis,
325 2277 482 2346 perunges
510 2251 581 2320 oleo
610 2264 704 2344 caput
731 2277 855 2323 meum:
881 2255 962 2323 calix
990 2279 1081 2325 meus
1108 2259 1223 2326 exube-

88 2382 170 2428 rans.
216 2358 248 2424 6.
270 2359 388 2450 Utique
415 2361 537 2428 bonum
565 2369 597 2427 et
625 2359 788 2428 clementia
817 2371 1046 2452 persequentur
1073 2387 1126 2431 me
1149 2387 1222 2432 eun·

86 2468 143 2534 etis
167 2465 279 2533 diebus
300 2465 383 2534 vitae
404 2489 502 2550 meae,
524 2476 556 2534 et
577 2463 723 2534 habitabo
744 2466 779 2534 iu
801 2467 898 2534 domo
920 2465 1056 2538 lebovac
1078 2469 1112 2536 in
1126 2467 1223 2562 longi·

87 2572 233 2638 tudinem
249 2570 381 2639 dietum.

167 2717 197 2778 5.
218 2719 357 2776 Porotta.
401 2713 491 2778 Verba
514 2705 758 2798 futurt'temporis
778 2717 946 2780 continuum
965 2725 1061 2782 actum
1079 2717 1138 2780 bod
1155 2719 1221 2780 loco

85 2795 246 2874 designaut.
267 2794 362 2856 David
381 2813 449 2876 ergo
468 2797 525 2857 iam
544 2797 605 2856 sine
623 2796 714 2874 figura
733 2801 836 2878 repetit
850 2817 924 2878 quae
938 2799 991 2858 sub
1007 2800 1128 2878 pastoris
1145 2799 1221 2860 simi·

86 2875 210 2934 titudine
236 2874 370 2936 hactenus
395 2877 521 2934 sanavit
545 2876 581 2934 de
599 2873 874 2950 Dememorans,
899 2875 967 2936 dicit
990 2879 1065 2938 enim
1086 2879 1146 2938 eius
1166 2877 1222 2938 lar-

89 2955 180 3034 gitate
199 2953 252 3012 sibi
272 2961 420 3034 suppetere
438 2973 626 3092 quaecuuque
646 2955 802 3014 necemada
816 2961 883 3014 sunt
897 2955 933 3014 ad
948 2957 1024 3016 vitae
1039 2975 1132 3016 usum.
1156 2960 1222 3017 Po·
1289 2991 1293 3000 ÷

84 3057 160 3096 rore
183 3055 314 3094 menum
336 3037 436 3092 tantun
457 3051 503 3093 em
526 3033 604 3094 valet
627 3052 661 3094 ae
690 3035 751 3093 siue
778 3033 908 3094 molestia
936 3041 967 3096 et
991 3033 1157 3096 difficultate
1182 3037 1223 3096 vi·

88 3122 170 3174 etum
190 3114 296 3192 largiri,
317 3113 432 3192 perinde
451 3099 492 3172 as'i
512 3119 593 3193 pater
610 3111 670 3174 filio
689 3112 785 3174 eibum
804 3115 970 3194 porrigeret.
999 3115 1097 3194 Atque
1116 3113 1222 3176 beneb-

86 3195 168 3252 oium
186 3191 245 3252 boe
263 3191 417 3272 amplificat
440 3193 652 3254 circumstantia
676 3191 783 3268 addita,
803 3193 887 3332 ssuod
909 3194 977 3253 licet
993 3193 1053 3272 sibi
1077 3195 1223 3256 invideant

86 3271 340 3346 mammotrecti,
359 3261 559 3352 perditumque
577 3274 706 3352 cupiant,
725 3275 784 3334 imo
833 3271 1073 3340 eiabenedictioue
1092 3271 1235 3336 fraudare

87 3359 240 3412 consuunt:
261 3351 342 3412 Deus
360 3360 455 3412 tamen
474 3354 535 3432 ipse
554 3351 699 3413 liberatem
719 3373 750 3414 se
768 3373 803 3414 ac
821 3351 980 3414 beneficum
999 3361 1143 3434 praestare
1162 3374 1223 3416 non

89 3433 210 3492 desinat.
251 3430 339 3509 Quod
363 3432 399 3492 dc
425 3433 487 3492 oleo
512 3429 635 3504 subiicit,
660 3434 782 3526 pertinet
800 3433 835 3492 ad
856 3453 965 3496 murem
984 3440 1054 3494 tune
1072 3435 1222 3494 usitatum:

90 3513 198 3570 scimus
222 3515 297 3571 enim
313 3519 391 3572 tuno
415 3509 561 3576 latioribus
585 3513 721 3572 conviviis
745 3512 869 3572 adhibita
892 3513 979 3572 fuisso
1003 3519 1164 3592 unguenta,
1189 3520 1224 3572 ut

89 3611 190 3668 nemo,
207 3611 275 3651 snos
300 3591 425 3671 hospites
449 3590 495 3650 vel
514 3592 650 3650 musivus
673 3591 818 3670 splendide
842 3594 974 3672 excipere
997 3591 1142 3652 videretur
1167 3593 1223 3652 uisi

89 3673 252 3810 tottii
266 3668 1221 3830 ttbttts{bitetttuffttstttttb„tttbtt”titt

89 3827 144 3899 Est
168 3832 244 3890 enim
269 3815 476 3890 commendatio
495 3831 605 3910 regatis
624 3831 701 3888 illius
720 3827 894 3910 opulentiae,
918 3849 974 3909 qua
995 3829 1083 3890 Sacra
1102 3829 1218 3892 historia

88 3916 212 3970 testatur
230 3929 297 3969 eum
317 3910 403 3969 tuisse
422 3931 480 3968 non
500 3909 678 3970 mediocriter
697 3916 839 3968 ornatum.
859 3905 1032 3988 Quanquam
1052 3917 1146 3970 autem
1162 3929 1222 3970 nou

88 4009 191 4048 omnes
216 4009 358 4070 peraeque
378 3989 529 4050 liberaliter
548 3995 717 4063 tractantur,
741 4009 825 4048 nemo
845 3995 939 4048 tamen
959 3991 1114 4069 reperietur
1134 4007 1220 4128 quem

87 4089 147 4128 non
168 4067 251 4128 Deus
270 4086 321 4147 sna
340 4069 524 4130 beneficentio
545 4067 713 4148 obstringat:
732 4075 765 4128 ut
785 4068 864 4128 fateri
880 4087 995 4128 nemsse
1010 4069 1048 4127 sit
1059 4065 1132 4128 bene
1153 4087 1221 4128 com

87 4151 148 4208 sois
175 4143 319 4210 ominbus.
331 4169 393 4208 esse
417 4155 540 4228 patrem:
563 4148 670 4206 interea
689 4167 720 4206 se
733 4149 856 4228 quisque
868 4168 921 4228 pro
937 4147 1066 4207 uberiore
1081 4147 1222 4208 donorum

87 4230 173 4308 copia
193 4229 230 4288 ad
249 4228 449 4308 gratitudinem
469 4228 573 4286 incitet„
614 4223 688 4286 Nam
708 4227 733 4286 si
750 4227 889 4306 malignus
903 4233 953 4286 est
972 4229 1021 4306 qui
1041 4229 1070 4285 in
1091 4246 1164 4310 pono
1184 4227 1260 4307 ⁰³&
1326 4282 1328 4292 ,

87 4305 170 4372 bardo
194 4315 343 4389 paternam
365 4305 420 4366 Dei
446 4305 652 4386 providentiam
672 4325 730 4366 uon
749 4309 891 4386 agnoseit,
910 4313 1019 4386 quanto
1038 4307 1131 4368 rsinus
1151 4306 1222 4366 tote·

88 4387 187 4450 rabitis
213 4389 269 4450 erit
292 4405 393 4448 eorum
418 4385 562 4460 socordia,
588 4387 638 4466 qui
663 4386 723 4446 sine
742 4391 827 4466 gustu
843 4383 969 4497 Piscinae
988 4383 1120 4446 bonitatis
1140 4385 1224 4467 plena
1327 4457 1337 4466 „
