2804 4890
493 193 853 264 tunsarum„
994 221 999 242 .
1185 205 1239 264 133

83 345 162 390 mos
182 314 268 402 enisis,
329 303 427 388 adrdiu
445 327 525 408 riget
542 328 573 388 in
593 327 694 388 antnris‘
713 327 818 388 norun
837 326 908 390 lrsec
926 325 1076 414 cogitatio,
1092 325 1160 391 Dan
1180 349 1239 403 ¹nus

84 423 185 468 eume
202 425 275 480 esse,
315 405 444 468 amandis
464 407 666 468 tentationibus
685 407 825 488 optimum
844 425 908 470 esse
927 409 1047 470 frenum.
1093 408 1239 490 Quodsi

85 495 193 582 tamen
213 487 274 545 rias
295 484 351 558 Dci
371 493 401 548 et
420 488 534 582 semitas
555 507 608 572 pro
629 485 757 547 doctrina
776 490 905 584 occipere
924 489 1049 570 placcat,
1072 489 1142 575 milli
1162 509 1235 550 scm·
1261 557 1266 576 Ι

84 563 1239 730 &illidit,dublinsidistulisse?instet

84 725 149 786 Dei
171 725 290 785 celriblti
310 727 416 786 luerint
440 726 486 784 vel
511 725 608 786 sedati.
649 725 690 785 lta
715 745 814 786 scissus
839 734 897 802 est,
924 725 1068 824 Quicquid
1091 727 1236 803 aeruna·

83 826 128 868 ne
148 823 280 886 unquam
306 807 451 885 permittas
470 803 611 866 Domine·
636 823 684 866 me
707 807 839 866 excidere
864 825 880 864 a
901 808 955 865 viis
974 813 1045 882 turs,
1066 805 1112 866 vol
1132 815 1231 874 centru-

83 887 197 960 macIa,
222 885 269 945 rel
294 905 393 966 prava·
410 885 505 966 aliqua
529 883 809 966 cupiditate'abripi:
834 887 883 946 sed
909 885 1007 966 potius
1027 894 1165 966 pacatum
1181 905 1233 948 *me
1340 905 1342 915 ·

84 966 145 1026 snb
169 965 266 1046 quieta
292 965 452 1026 obedientia
476 961 620 1026 mnstneu
643 973 694 1025 tus
719 969 830 1024 ventas.
875 963 963 1042 Quod
987 973 1083 1025 antem
1107 965 1232 1032 inculcat

85 1045 147 1112 sibi
172 1041 301 1127 palmari
326 1047 402 1120 rias,
423 1051 516 1124 'seque
539 1045 636 1106 domn·
661 1047 692 1104 in
709 1047 764 1104 illis
785 1051 820 1104 et'
833 1045 923 1125 dirigi,
943 1064 1002 1104 non
1022 1061 1231 1126 supervacuum

86 1131 145 1186 est.
188 1123 263 1185 Nam
284 1143 374 1206 quum
394 1125 494 1184 sensus
513 1123 627 1184 nostros
648 1121 833 1184 obtenebreut
851 1125 1051 1200 resadversae,
1072 1142 1158 1205 quam
1178 1125 1228 1184 dil·

85 1203 169 1266 licile
192 1205 231 1264 sit
250 1206 281 1264 in
301 1205 350 1264 illa
374 1205 493 1286 caligine
513 1204 676 1266 discernere·
695 1205 763 1284 quid
834 1206 863 1264 ni
884 1205 1022 1286 oporteat,
1041 1223 1230 1286 unumquem-

88 1303 151 1365 que
174 1283 262 1344 docet
285 1285 400 1365 propria
424 1285 607 1365 experientia.
653 1281 740 1362 Quod
765 1283 808 1344 si'
844 1285 918 1368 uidi
944 1293 1002 1344 tam
1027 1283 1229 1346 eximiosPm·

87 1365 211 1446 phetae,
235 1370 374 1444 tantaque
397 1364 690 1444 tucetnuttigsnnae
712 1364 841 1444 praedito
867 1363 937 1424 baec
956 1365 1162 1424 demonstratio
1180 1383 1229 1424 ne·

91 1444 216 1503 eessaria
235 1437 301 1514 lr'rlt,
320 1441 491 1524 quidnobis
510 1443 569 1516 fiet,
589 1441 732 1503 ulsiDous
751 1443 1117 1504 inallllntienlbusnebulas
1137 1443 1228 1503 diseu-

90 1525 153 1598 tiat,
179 1539 218 1584 ne
241 1523 315 1582 lueis
339 1541 412 1582 suae·
427 1521 804 1604 eonspectdm'impediantl
821 1522 943 1606 Semper
961 1525 1047 1606 igitur
1066 1524 1229 1604 petendum,

90 1605 208 1683 quoties
225 1603 321 1682 aliqua
342 1604 533 1662 tentationes
572 1601 708 1674 erturbat,
728 1609 761 1664 ut
779 1603 861 1664 nobis
901 1603 1041 1664 racluceat
1049 1601 1233 1678 Deiverltns,

87 1619 1140 1842 necnonrecinesualerent
1159 1680 1228 1822 :u

90 1841 235 1912 uomodo,
255 1845 408 1922 quautam
424 1841 461 1902 ab
481 1858 516 1902 eo
528 1850 699 1922 perceperat!
711 1841 854 1914 benefida,
873 1843 908 1902 ad
920 1861 1000 1923 spem
1010 1838 1100 1902 lutari
1119 1849 1227 1924 ternpo-

92 1923 136 1982 ris
155 1923 294 2002 applicate
317 1921 417 1981 delude
435 1923 573 1982 fiduciam
594 1919 685 1984 suana
699 1922 802 1981 iterans
824 1925 934 2002 repetit.
974 1921 1017 1981 lta
1042 1921 1123 2002 prius
1145 1939 1229 1999 argu.

92 2007 223 2062 mentum
242 2008 390 2080 sumptum
404 2008 454 2060 est
473 2001 509 2060 ab
529 2001 617 2080 ipsius
637 2000 693 2064 Dei
712 2008 822 2074 ustura,
846 2009 876 2060 et
901 2001 1023 2079 quasia
1047 2001 1165 2082 proprio
1185 1999 1233 2078 ol,

89 2081 174 2140 llario:
200 2081 266 2159 quia
291 2081 398 2140 seilicet
421 2075 476 2140 bac
499 2079 562 2160 lege
586 2081 720 2141 tuendam
745 2083 867 2160 suscipit
887 2080 1013 2140 srdclirun
1037 2080 1173 2150 salutem,
1198 2085 1228 2138 ct

86 2179 195 2220 eorum
218 2158 433 2220 necessitatibus
456 2159 602 2234 subvenit,
627 2167 660 2220 ut
684 2161 802 2223 candem
827 2157 946 2239 gratiana
969 2161 999 2218 in
1025 2154 1111 2223 fiue'm
1136 2177 1228 2239 usque

85 2240 162 2299 velit
181 2241 326 2320 prosequi.
365 2238 427 2300 Sed
444 2241 510 2320 quia
529 2239 597 2300 huie
616 2247 709 2301 tantae
730 2241 848 2300 bonitati
869 2255 983 2300 necesse
995 2248 1039 2299 cst
1058 2247 1095 2299 ub
1109 2255 1226 2320 respon·

86 2319 157 2378 deat
177 2326 276 2379 uestra
301 2318 415 2394 fiducia,
438 2320 513 2380 bane
536 2337 652 2400 qunque
676 2321 785 2402 profert
804 2319 901 2381 David
924 2338 981 2379 una
1006 2335 1072 2378 cum
1097 2334 1226 2399 perseve-
1310 2323 1312 2330 ⁴

86 2401 202 2458 rantiae
220 2401 394 2459 testimonie.
432 2397 507 2460 Nam
526 2419 579 2480 per
597 2411 691 2462 totum
710 2402 795 2474 diem,
815 2399 863 2460 vel
882 2419 937 2480 per
945 2417 1044 2459 omnes
1055 2397 1123 2473 dics,
1143 2399 1226 2537 signi·

87 2479 160 2540 fleat
185 2497 218 2538 se
242 2478 407 2558 infatigabili
429 2479 587 2538 mustantia
612 2480 779 2559 pependisse
803 2479 838 2538 ab
863 2497 922 2539 uno
942 2477 1016 2540 Deo.
1056 2479 1153 2558 Atque
1193 2495 1231 2538 oe

88 2559 159 2619 lidei
179 2559 329 2639 preprium
347 2565 406 2634 est,
428 2559 503 2618 inter
521 2573 647 2618 summas
671 2560 828 2620 anxietates
851 2560 992 2640 respicere
1017 2559 1046 2617 ln
1066 2557 1178 2633 Deum',
1197 2563 1228 2616 et
1250 2585 1253 2592 v

89 2639 176 2718 quasi
196 2637 279 2697 tacita
320 2640 393 2698 uiete
411 2639 441 2698 in
457 2638 633 2720 promissum
652 2639 713 2698 eius
731 2639 868 2698 auxilium
887 2637 1061 2699 recumbere.
1091 2637 1228 2697 Ceterum

89 2726 125 2777 ut
143 2719 282 2778 memoria
338 2717 503 2778 nelieierum
522 2715 577 2778 Dei
598 2737 678 2798 spem
698 2725 825 2778 nocuum
845 2717 941 2778 foveat
965 2735 999 2778 ae
1018 2719 1163 2790 sustineat,
1183 2733 1226 2776 re·

90 2805 194 2879 putere
214 2797 356 2858 discamus
378 2797 492 2892 upsalen
516 2815 548 2858 se
567 2798 626 2856 iam
641 2797 725 2857 nobis
743 2797 916 2878 exhibuerit:
937 2797 1019 2857 sicuti
1038 2795 1133 2856 David
1153 2797 1228 2856 hane
1332 2793 1335 2804 '

91 2878 146 2938 albi
165 2877 302 2948 luituram
320 2884 428 2952 statutt,
447 2877 524 2958 qnod
544 2875 640 2936 Deum
660 2885 795 2958 expertus
815 2879 852 2936 sit
871 2878 974 2936 salutis
991 2883 1147 2936 auctorem.

172 2960 200 3018 6.
222 2959 404 3033 Recordare,
424 2968 475 3018 ele.
515 2955 700 3016 Primn‘hinc
719 2963 846 3038 apparot,
866 2953 1008 3016 Davidem
1029 2953 1119 3014 luisse
1135 2955 1226 3034 gravi·

92 3043 138 3096 ter
157 3037 305 3110 allliotum,
329 3043 363 3096 ub
386 3038 467 3098 omni
483 3036 542 3098 lere
565 3035 773 3096 misericordiae
796 3035 854 3096 Dei
880 3042 965 3116 gustu
991 3037 1119 3114 privatus
1143 3034 1226 3092 leret.

94 3115 217 3176 Perinde
235 3118 310 3176 enim
335 3115 372 3175 ad
396 3119 502 3195 gratiae
526 3135 596 3176 suae
619 3117 786 3176 memoriam
811 3122 926 3176 revocat
947 3113 1059 3186 Deum,
1081 3114 1227 3183 andeins
1321 3149 1324 3156 ,

93 3203 170 3256 esset
187 3195 306 3256 oblitum
326 3194 396 3255 haee
414 3195 501 3276 igitur
519 3194 642 3256 heminis
661 3215 720 3256 non
740 3215 840 3276 parum
865 3197 942 3256 anxii
963 3202 993 3254 ct
1012 3195 1114 3254 moesti
1134 3193 1228 3272 qrreri·

94 3278 189 3335 monia
214 3281 266 3335 est
289 3274 442 3336 -seternm
466 3275 533 3335 hinc
557 3276 731 3356 colligimus,
756 3277 867 3336 etiamsi
890 3276 926 3335 ad
946 3283 1059 3355 tempus
1079 3271 1229 3332 subtrahat

96 3355 176 3415 Deus
194 3374 281 3421 omne
300 3354 432 3414 bonitatis
451 3358 571 3435 signum,
589 3362 621 3416 et
639 3355 674 3414 ad
694 3356 769 3414 mala
789 3362 886 3416 nostra
905 3356 1070 3428 connivens,
1090 3359 1227 3432 tanquam

95 3436 202 3496 alienos
226 3435 346 3506 deserat,
370 3435 480 3494 fortiter
499 3442 594 3496 tamen
619 3435 785 3496 luctandum
805 3455 876 3510 esse,
896 3433 987 3494 denec
1006 3453 1043 3494 ex
1063 3431 1117 3503 bac
1136 3439 1227 3492 tenta·

95 3517 172 3576 tione
192 3514 230 3574 ad
250 3521 350 3574 votum
370 3515 448 3593 qnod
468 3514 607 3590 audimus,
627 3515 739 3574 animus
758 3523 855 3576 noster
872 3520 1054 3596 perrumpat:
1072 3531 1175 3592 nempe
1195 3517 1230 3570 ut

95 3593 174 3654 Deus
200 3595 282 3674 quasi
306 3593 343 3652 ad
367 3587 514 3674 piistinam
537 3613 620 3654 suom
642 3595 876 3655 consuetudinem
900 3613 1043 3666 reversus,
1062 3591 1231 3652 clementius

37 3745 39 3748 ¹
95 3673 243 3736 uobiscum
267 3673 362 3734 denuo
388 3691 472 3754 agere
493 3675 618 3754 incipiat.
657 3671 758 3754 Neque
782 3675 858 3734 eninr
883 3673 953 3733 llaec
978 3672 1109 3754 precandi
1135 3673 1229 3730 forma

95 3755 191 3813 locum
212 3751 331 3830 lrabeat,
355 3755 409 3812 nisi
434 3751 483 3812 ubi
506 3755 608 3814 lactem
633 3773 713 3812 suam
738 3773 756 3812 a
780 3751 862 3812 nobis
881 3753 1038 3828 abscondit,
1063 3771 1150 3832 seque
1170 3751 1227 3810 ulla

95 3834 184 3893 nestri
203 3851 273 3894 eura
293 3829 372 3910 tangi
390 3833 555 3893 dissimulat.
596 3831 688 3893 Porro
707 3831 803 3892 David
828 3833 863 3892 ad
888 3834 1082 3892 miserationes
1102 3838 1131 3890 el
1149 3829 1229 3889 boni·

95 3921 166 3972 tates
191 3913 374 3992 confugiens,
400 3912 471 3972 nihil
497 3933 528 3972 se
553 3913 599 3972 dc'·
614 3913 674 3972 suis
693 3915 800 3974 meritis
820 3913 880 3994 spei
900 3932 1081 3992 praesumere
1101 3917 1228 3971 testatur.

95 3992 167 4054 Nam
208 3993 238 4052 ui
257 4013 296 4054 en
316 3993 379 4051 solo
399 3993 608 4052 misericordiae
628 3991 684 4052 Dei
704 3994 782 4052 lente
807 3992 910 4064 haurit,
934 3993 1004 4052 nihil
1024 3994 1053 4050 iu
1075 3990 1230 4070 acceperit

96 4073 172 4152 quod
309 4073 345 4134 ad
364 4074 622 4132 remunerationem
647 4069 812 4153 obstringat.
852 4071 911 4132 Sed
938 4075 1005 4152 quia
1025 4071 1132 4130 aditum
1148 4069 1230 4127 ulau-
1302 4087 1305 4094 ·

95 4153 178 4213 debat
205 4153 393 4232 interruptio,
424 4154 534 4232 optimo
564 4151 691 4213 remedio
720 4151 776 4212 boc
804 4153 983 4214 elmlaeulum
1004 4156 1131 4230 superat:
1151 4147 1231 4228 quud

96 4233 200 4293 sedicet
218 4231 302 4292 Deus
322 4233 371 4311 qui
391 4239 493 4312 natura
512 4225 673 4292 misericors
691 4239 744 4306 est,
764 4235 894 4312 quamvis
919 4233 956 4292 ad
981 4238 1095 4369 tempus
1114 4248 1230 4308 suspen-

96 4313 142 4374 dat
155 4331 280 4374 *manum
300 4329 395 4374 sumn:
420 4331 479 4374 nun
503 4319 599 4374 tamen
624 4313 670 4373 vel
694 4315 818 4394 seipsum
844 4311 978 4392 abneget,
1003 4329 1039 4370 vc
1075 4310 1231 4392 ingenitum
