2818 4886
543 197 588 252 tu
616 211 838 255 assumit.
1225 215 1272 272 η’

113 341 184 400 rut
201 353 285 432 spur
304 349 405 396 eornm
424 351 484 396 nnn
502 351 606 399 rasam
617 351 681 408 ,nec
696 321 805 396 irritam
821 333 920 411 xfnisse.
938 331 1041 398 Posset
1049 355 1109 398 nou
1128 336 1203 400 male
1222 337 1262 404 ita

114 413 229 484 renim
247 415 351 488 nudo,
370 409 507 476 Stabilies
526 433 577 474 cor
596 415 734 494 ipsorum,
754 413 845 474 donec
864 413 959 476 audiat
977 417 1054 483 auris
1072 423 1132 478 tna.
1279 417 1282 424 ’

129 513 133 526 ·
198 496 250 558 18.
272 497 312 556 Ut
322 495 442 556 indices.
462 492 628 557 Proximam
641 494 809 554 sententiam
823 494 854 556 io
869 492 947 554 hunc
957 495 1107 576 specialem
1117 515 1259 558 usumae-

116 575 302 646 commodat,
327 593 364 634 ne
389 573 518 640 dubitent
541 573 641 635 tideies
665 573 714 634 ubi
739 574 845 634 iniuste
872 577 1002 656 oppressi
1021 575 1141 650 tuerint,
1160 575 1259 638 Deum

115 655 235 718 amnem
254 653 319 717 iore
331 653 479 714 sinonem
498 653 549 734 qni
567 653 646 735 ipsos
665 653 775 717 liberet·
801 651 915 731 Quibus
935 653 1030 717 verbis
1049 655 1184 716 admonet
1203 657 1260 718 ior·

99 738 186 804 ,titer
214 733 380 796 durandum
403 752 465 794 esse
489 733 542 794 sub
568 753 653 794 cruce
675 739 708 794 et
732 733 885 794 aerumnis:
917 735 984 814 qnia
1009 753 1056 796 sae
1077 755 1093 795 e
1117 733 1260 798 Dominus

110 834 176 874 non
194 821 266 874 ants
282 813 376 876 servis
395 815 452 874 suis
472 813 535 873 vult
553 813 701 895 opitulari,
721 831 807 894 quom
828 813 863 874 ad
879 819 1008 874 extrema
1022 755 1129 876 reiecti
1144 815 1259 876 fuerim.

109 893 144 954 id
170 892 292 973 quidm
310 891 390 954 iactu
409 891 525 954 diffinite
540 901 601 966 est,
625 895 693 974 qnia
711 899 830 972 ,cuperet
847 893 970 974 quisque
989 902 1121 954 nostrum
1140 915 1259 975 prorsus

107 974 252 1034 domums
272 992 340 1047 ,esse
365 973 545 1034 amnlestia:
569 973 691 1052 ideoque
710 973 765 1032 uisi
783 969 864 1034 Doris
883 973 940 1033 cito
960 975 1140 1055 praeveniat,
1164 973 1259 1036 lentus
1285 971 1288 980 '

108 1059 142 1114 et
164 1053 268 1132 segnis
291 1053 413 1117 videtur.
447 1051 557 1114 Verum
573 1051 607 1130 ¹si
624 1053 723 1114 locum
743 1053 810 1112 dare
829 1053 959 1134 cupimus
979 1055 1040 1114 eius
1060 1053 1183 1130 auritio,
1208 1055 1258 1114 do-

106 1131 238 1196 mandus
258 1132 419 1198 csttcmm
433 1139 550 1206 nastes,
567 1131 691 1206 sedanda
706 1133 890 1214 impatientia,
908 1133 1054 1214 mitigandi
1069 1133 1191 1209 dolores,
1211 1153 1257 1196 us-

109 1212 243 1293 quedum
266 1213 396 1274 miserim
419 1220 534 1274 nostrae
559 1211 615 1274 Dei
639 1213 759 1294 gratiam
774 1219 952 1292 provocent.
986 1215 1035 1273 Ne
1056 1225 1168 1295 pergat
1189 1237 1255 1274 am·

109 1295 200 1388 plius
240 1291 351 1354 timum
369 1290 426 1354 Dei
449 1293 606 1374 potentiam
631 1293 672 1357 ad
693 1291 864 1373 frangendos
882 1293 987 1373 impios
1006 1293 1199 1370 commendat,
1224 1299 1258 1357 ut

113 1371 405 1434 ntercumntmosos
423 1392 523 1434 eorum
542 1375 666 1454 impetus
686 1371 800 1434 firmum
820 1371 903 1432 nobis
923 1379 1036 1432 maneat
1054 1372 1131 1432 istud
1151 1375 1257 1454 princi·

138 1455 145 1467 ’
199 1491 209 1526 ,
233 1449 364 1518 Simulm
383 1449 510 1515 Domino
536 1453 629 1515 risum
653 1452 754 1528 inerit,
778 1451 931 1512 evanidum
955 1453 1018 1512 fore
1036 1453 1174 1532 quicquid
1194 1471 1256 1516 mo·

130 1535 137 1547 '
223 1571 234 1592 .
271 1529 401 1594 Verbum
534 1533 650 1612 qnidam
673 1533 704 1592 in
728 1539 832 1592 neutro
876 1550 961 1592 encre
983 1528 1141 1612 decipiunt,
1165 1539 1198 1592 ut
1218 1534 1256 1594 sit

112 1627 230 1685 maus,
255 1608 302 1672 Ne
319 1610 444 1692 amplius
467 1613 595 1675 mortalis
615 1611 703 1674 homo
721 1614 829 1672 timeat
856 1552 919 1672 {ed
939 1612 1011 1672 ratio
1029 1613 1158 1694 postulat
1177 1618 1255 1672 tram

111 1692 196 1752 sitire
213 1692 338 1771 exponi:
361 1710 416 1750 nec
435 1689 589 1752 absurdum
603 1698 656 1765 est,
675 1693 788 1772 impios,
808 1691 875 1752 licet
891 1693 983 1772 capita
998 1711 1084 1828 supra
1099 1691 1189 1751 nubes
1204 1711 1254 1752 ex·

111 1771 229 1844 toilont,
245 1771 343 1832 vecari
361 1769 508 1844 mortales,
525 1772 573 1832 vet
592 1770 722 1844 homines
736 1771 835 1835 multis
851 1771 993 1844 aerumnis
1009 1791 1027 1830 ο
1048 1772 1164 1844 noxios:
1184 1771 1253 1851 quia

116 1849 176 1910 οδ·
251 1849 307 1910 hnc
324 1849 412 1910 mndn
431 1851 632 1932 perstringitur
650 1870 755 1912 resana
770 1849 1010 1924 commendaris,
1031 1850 1253 1930 dumsuaescr-

115 1929 156 1990 tis
214 1930 269 2004 titi,
289 1936 401 1990 atroces
419 1932 512 1994 minas
532 1932 653 2012 spirant,
678 1932 776 1990 efflant
794 1929 953 1997 horrendos
971 1937 1108 2003 terrores,
1133 1929 1252 2010 perinde

113 2009 175 2070 acsi
195 2028 292 2072 eornm
309 2009 419 2070 lrbtdrm
438 2009 633 2090 reprimendae
653 2029 690 2070 ue
704 2009 793 2070 Dens·
805 2010 920 2090 quidem
934 2008 1085 2070 sufficeret.
1104 2005 1251 2072 Particula

109 2089 201 2150 etiam
219 2108 237 2150 e
254 2099 350 2162 rma,
375 2090 490 2150 tacitam
509 2091 636 2150 continet
654 2089 807 2150 antithesin
827 2089 900 2151 inter
919 2085 1027 2150 humile
1046 2095 1139 2150 terrm
1160 2089 1251 2152 domi·

109 2169 269 2242 ‹ciliumet
287 2169 434 2242 coetorum
454 2169 641 2234 altitudinem.
672 2167 754 2230 Unde
774 2170 852 2230 enin
871 2168 1078 2250 oppugnandos
1098 2167 1154 2230 Dei
1173 2169 1264 2232 filios·
1300 2187 1301 2192 ’

109 2247 254 2329 prodent?
272 2267 290 2310 e
309 2256 385 2310 terra
399 2247 515 2322 scilicet,
534 2250 650 2330 perinde
666 2251 724 2310 acsi
739 2249 887 2308 vermiculi
902 2256 1019 2310 eterrae
1034 2247 1143 2310 fissuris
1156 2269 1248 2312 emcr-

108 2333 220 2406 guent
249 2327 342 2409 Atqui
366 2327 422 2386 irco
446 2329 532 2388 modo
552 2327 648 2391 Deum
666 2332 762 2410 ipsum
781 2330 935 2410 impetunt,
960 2331 1010 2410 qui
1029 2349 1047 2390 e
1065 2329 1148 2396 coeln
1167 2329 1248 2391 auxi·

105 2405 181 2468 lium
200 2407 292 2468 omnis
311 2407 371 2468 sais
390 2409 540 2488 promittit.

459 2764 790 2838 PSALMUS
835 2765 892 2835 xt.

99 3007 168 3050 Aue.
180 3007 251 3050 nna
262 3009 314 3049 ent
326 3003 578 3064 mmmmm:
589 3007 613 3049 is
622 3008 701 3062 priore
706 3005 776 3063 restet
783 3005 926 3063 Μάρκιε
936 3004 1005 3049 hren
1016 3004 1125 3061 occeperit
1137 3007 1242 3048 tutatio-

181 3091 235 3120 m
246 3077 355 3132 mm,
368 3082 391 3119 st
401 3085 483 3134 qums
498 3079 610 3122 unicam
625 3079 842 3134 murtuensem
855 3091 897 3134 que
910 3083 1006 3132 umas
1016 3089 1064 3119 m
1074 3076 1244 3134 pemquedotnr

182 3146 251 3190 snt.
277 3147 360 3190 Μ
371 3147 416 3190 atu
428 3150 454 3192 de
465 3143 664 3220 ιιῑυίιὶζὼὴῑιὲ
676 3145 752 3192 otram
763 3148 902 3204 pantana.
914 3149 1001 3206 Datque
1012 3147 1121 3191 tntttiu
1131 3147 1154 3190 ia
1164 3148 1242 3207 mdo

179 3219 276 3274 reno
291 3218 413 3274 nuos

145 3403 180 3470 1.
201 3399 367 3470 Praefecto
387 3399 534 3469 Psalmus
556 3401 698 3470 Doridis.
742 3403 773 3469 2.
796 3401 832 3470 ln
854 3402 972 3472 lehova'
993 3403 1136 3476 confidet
1164 3425 1242 3495 quo-

98 3507 202 3576 modo
226 3497 328 3580 dicitis
349 3507 471 3578 animae
492 3532 597 3593 meae,
622 3507 753 3600 Migrate
774 3509 807 3576 in
830 3521 974 3578 montem
995 3519 1137 3590 vestrum
1159 3509 1241 3579 sicut

99 3614 192 3680 arisi
224 3615 256 3681 3.
280 3612 375 3682 Certe
396 3638 470 3683 ecce
490 3614 579 3706 impii
594 3615 725 3683 tendent
740 3639 858 3699 arcum,
881 3626 1026 3706 aptarunt
1041 3601 1169 3708 sagittas
1185 3639 1239 3684 su-

97 3745 159 3812 per
190 3739 343 3803 nervum,
375 3729 412 3788 ut
433 3719 606 3789 iaculentur
637 3721 671 3788 in
705 3720 830 3790 occulto
864 3731 970 3790 contra
1002 3731 1105 3790 rectos
1133 3713 1237 3791 c‘orde.

100 3821 131 3895 4.
153 3825 251 3900 Ceste
270 3827 477 3938 ¹fundamenta
498 3827 655 3896 destructa
677 3839 768 3900 sunta
788 3827 892 3896 iustus
914 3825 991 3919 quid
1006 3817 1096 3903 ‘tenc
1145 3893 1149 3910 .

81 4033 85 4041 ·
153 4005 159 4016 ’
179 4021 210 4078 1.
236 4019 278 4078 Is
303 4019 414 4080 Intnsa
438 4025 491 4079 etc.
531 4015 642 4078 Omnes
665 4017 725 4078 iere
747 4017 920 4098 Interpretes
1001 4019 1150 4080 simoniam
1174 4036 1238 4080 esse

98 4103 213 4178 putant,
232 4098 264 4157 in
285 4115 343 4177 qua
362 4095 457 4156 David
477 4097 631 4180 populares
650 4117 718 4158 suos
737 4105 867 4172 accuset,
932 4118 950 4158 n
990 4097 1111 4159 iatebrns
1130 4098 1237 4178 ubique

97 4179 275 4256 quaeritans,
294 4177 367 4236 nihil
385 4195 507 4258 usquam
527 4177 711 4236 hamanitatis
728 4178 861 4238 inveniet.
906 4185 1038 4238 tverum
1053 4177 1168 4258 quidem
1183 4185 1237 4253 est,

214 4257 274 4318 bne
293 4263 325 4317 ei
342 4257 412 4318 iiiuc
430 4263 537 4318 mant
556 4256 651 4318 Saulis
670 4260 817 4317 saevitiam
835 4257 961 4338 fugiens,
980 4277 1121 4336 nusquam
1141 4263 1235 4317 tottam

98 4275 251 4398 qpuqoffl
274 4335 450 4418 perfugium,
474 4335 576 4398 saitem
594 4337 645 4398 nbi
663 4338 852 4418 diu‘qnietus
876 4345 975 4398 smret,
1008 4335 1107 4415 Quare
1131 4337 1235 4398 meritc
