2804 4890
60 2029 64 2041 ⁴
191 2021 303 2086 nullutn
329 2021 451 2081 coeleste
474 2039 581 2082 numen
601 2023 726 2084 revereri
744 2023 891 2082 eustment

184 307 238 368 222
295 288 299 306 ⁸
379 337 382 344 ,
606 275 915 382 ιοιιιίιιιιιιἱ

186 429 297 500 rniuiar
313 425 397 498 cinea
430 423 557 494 adorate
589 440 696 492 coram
728 418 847 492 lebona
869 418 914 488 ¹in
946 418 1115 513 splendore
1148 417 1344 490 Sanctffi

186 537 264 606 elue.
308 535 342 602 3.
364 531 439 601 Vox
460 531 596 600 lebova'e
618 551 714 622 snper
735 549 849 619 aquae,
865 525 956 594 Deua
978 527 1098 618 gloriae
1116 537 1219 610 tonat,
1241 525 1342 594 lello

186 665 227 712 va
256 663 353 734 super
374 661 472 734 oquae
494 657 631 730 magnae.
675 629 708 706 l.
732 633 806 704 Vox
833 633 970 706 lehovee
991 633 1026 702 in
1047 633 1173 718 virtute,
1194 656 1269 702 vox
1296 629 1345 700 le·

186 749 291 820 bovae
312 745 346 814 in
368 745 489 816 decore.

271 994 299 1056 l·
319 991 437 1076 Afferie
461 991 596 1051 [eloneo.
637 986 764 1050 Tametsi
794 983 944 1051 concilium
968 983 1089 1047 Davidie
1117 984 1185 1060 iuli,
1210 983 1249 1044 ad
1279 980 1344 1042 Dei

188 1073 297 1136 cultum
317 1081 346 1134 et
364 1071 497 1132 timorem
517 1069 658 1132 adducere
677 1073 797 1128 cunctos
816 1066 964 1128 mortales:
990 1068 1059 1146 quia
1077 1073 1173 1126 tamen
1194 1081 1343 1145 proceres

190 1155 240 1234 qni
266 1152 292 1212 di
313 1152 399 1210 nitate
418 1148 577 1222 excellunt,
598 1147 741 1210 dilliniliue
760 1153 803 1206 eet
822 1147 853 1206 in
872 1145 1006 1206 ordinem
1021 1165 1133 1226 eogere,
1152 1161 1203 1206 eoa
1223 1143 1344 1203 diserte

190 1251 255 1293 corn
331 1237 351 1289 t.
397 1227 539 1290 Graecum
564 1229 752 1310 interpretem
780 1227 859 1286 vocia
884 1225 1022 1286 affinitate
1047 1225 1201 1308 deceptum
1229 1223 1342 1294 luisse,

191 1317 301 1372 cerium
325 1315 383 1382 eat,
407 1315 440 1368 nt
459 1307 547 1368 Filios
571 1309 692 1370 arietum
716 1312 849 1368 verteret.
888 1305 933 1366 Ae
952 1305 988 1366 de
1008 1307 1086 1365 voeia
1106 1303 1224 1384 quidem
1244 1303 1343 1382 cigni-

189 1390 322 1452 licatione
346 1391 420 1450 inter
445 1407 476 1448 ee
501 1389 675 1448 conveniunt
700 1405 800 1448 omnes
819 1383 953 1448 Hebraei:
979 1383 1029 1446 aed
1054 1384 1102 1444 ubi
1121 1383 1159 1444 ad
1178 1397 1241 1444 rem
1264 1399 1340 1441 ven·

190 1477 254 1532 tum
274 1475 332 1540 eat,
351 1466 459 1548 frigidis
479 1469 647 1527 commentis
666 1470 835 1546 pervertunt
852 1466 900 1526 vel
920 1463 1072 1524 obscurant
1091 1463 1248 1544 ςιιιιιίιιιιιιι
1269 1477 1342 1522 een·

189 1569 263 1610 eum.
303 1545 429 1626 Quidam
454 1549 530 1607 enirn
555 1547 590 1606 de
610 1545 742 1626 Angelis,
766 1545 814 1604 alii
834 1543 870 1605 de
890 1545 979 1605 stellis
999 1549 1165 1624 exponunt:
1190 1541 1236 1600 alii
1260 1557 1339 1602 vero

210 1647 320 1688 roceree
344 1629 414 1686 istos
440 1645 562 1706 quorum
583 1625 615 1686 lit
634 1627 756 1698 mentio,
775 1631 888 1684 sanctae
908 1631 1001 1706 patrea
1021 1643 1084 1685 esee
1107 1621 1224 1688 volunt,
1246 1620 1339 1700 atqui

188 1649 294 1770 fastum
314 1707 409 1788 potius
428 1707 570 1786 corrigere
589 1703 682 1764 voluit
696 1701 801 1776 David,
828 1723 885 1783 qno
905 1703 975 1763 ebrii
993 1703 1137 1784 principes
1156 1699 1251 1760 muudi
1273 1699 1337 1759 bu·

192 1789 247 1862 iun,
267 1805 375 1846 cornua
395 1785 533 1844 adversus
553 1783 650 1845 Deum
669 1785 791 1864 erigunt
811 1781 907 1862 Atque
927 1783 998 1842 baec
1017 1783 1090 1841 ratio
1110 1787 1155 1840 eet
1169 1777 1332 1840 cuneum

192 1865 317 1928 terrifica
338 1883 410 1924 voce
420 1885 472 1945 per
482 1866 617 1938 tonitrua,
637 1865 797 1944 grandinea,
838 1861 958 1922 rocellae
968 1867 998 1922 et
1007 1861 1136 1934 fulmina,
1156 1859 1241 1918 duroe
1255 1859 1334 1916 inloe

191 1954 223 2006 et
246 1945 421 2022 praelractoe
448 1941 583 2023 Giganteo
608 1949 758 2024 cogentem
782 1883 912 2018 inducat,
922 1943 987 2080 xpp
1010 1941 1066 2002 niti
1089 1945 1170 2000 meta
1190 1937 1337 2078 pappi?

949 2043 959 2080 ι
979 2039 1060 2082 emus
1079 2039 1096 2080 e
1129 2039 1149 2079 o
1167 2037 1220 2078 eur
1326 2049 1338 2066 ·

190 2102 245 2162 lios
270 2105 435 2180 potentum,
460 2099 522 2158 aliie
547 2101 657 2160 amireis
681 2101 863 2181 peculiariter
887 2117 1048 2161 sermonem
1072 2039 1232 2158 adiverant:
1262 2097 1338 2176 quia

191 2180 299 2242 eeilieet
322 2178 394 2238 nihil
418 2179 460 2238 eis
485 2179 574 2316 magis
599 2181 699 2239 tritum
722 2185 781 2254 eet,
805 2195 894 2260 quam
918 2177 1068 2239 altitudine
1086 2195 1139 2237 eoa
1159 2176 1196 2236 ad
1214 2176 1338 2236 camile-

191 2262 271 2342 gium
295 2257 390 2330 abuti,
416 2256 484 2316 durn
510 2259 533 2316 ei
552 2259 563 2316 i
586 2257 693 2318 furiose
710 2265 851 2339 arrogant
869 2257 1006 2339 quicquid
1026 2256 1083 2316 Del
1102 2257 1252 2337 proprium
1275 2262 1339 2316 eeta
1400 2275 1401 2282 ¹

190 2337 293 2400 nattam
318 2343 351 2396 ut
374 2335 494 2396 molente
518 2355 549 2396 ee
569 2334 634 2398 Deo
659 2335 823 2412 eubiiciant,
846 2344 877 2398 et
901 2355 971 2398 euae
994 2335 1156 2417 fragilitatis
1175 2353 1339 2410 memoret,

190 2415 359 2481 recumbant
378 2417 408 2474 in
428 2416 488 2476 ciue
506 2419 640 2495 gratiam,
667 2418 750 2497 quael
768 2419 798 2477 vi
817 2417 950 2498 compelli
970 2433 1085 2476 neeesse
1104 2422 1157 2476 eet.
1197 2413 1270 2476 ldeo
1292 2417 1340 2474 in·

191 2495 360 2560 totamm
379 2491 445 2554 Deo
464 2494 567 2570 robur,
591 2498 659 2576 quia
677 2497 749 2558 falna
768 2498 969 2576 imaginatione
989 2495 1095 2569 delati,
1114 2496 1251 2554 virtutem
1273 2513 1340 2574 qna

194 2575 315 2660 praediti
335 2581 411 2649 eunt,
432 2573 484 2633 sibi
505 2575 618 2636 aliunde
639 2596 726 2658 quarn
746 2577 865 2652 ecoelo,
885 2583 1036 2658 suppetere
1045 2580 1189 2656 reputant.
1208 2571 1339 2636 Summa

156 2661 161 2674 '
193 2663 251 2728 eat,
281 2660 314 2714 nt
337 2653 413 2722 laetu
438 2653 582 2732 deponito,
611 2655 739 2736 falsaque
763 2657 896 2738 propriae
921 2658 1033 2716 virtutis
1053 2656 1202 2736 opinione,
1229 2653 1338 2715 Βοιιιιι

172 2733 367 2818 ι,ὅΙοιίίίινιιιὴ
390 2733 474 2794 siculi
493 2741 627 2796 meretur.
669 2739 803 2797 Gloriam
822 2738 899 2796 enirn
918 2743 1047 2796 neminie
1066 2742 1138 2805 eiua,
1159 2741 1244 2794 vocet
1268 2735 1337 2794 etus

192 2815 340 2890 maiestate
359 2813 488 2894 diguam,
508 2833 565 2894 qua
584 2833 652 2876 eum
671 2835 804 2896 proceret
823 2816 923 2876 muudi
940 2813 1074 2876 fraudare
1092 2814 1195 2876 colent.
1233 2813 1339 2895 Repe-

1 2879 2 2924 *
125 2950 134 2964 ,
192 2897 256 2956 tillo
276 2905 393 2974 quoque
418 2893 554 2968 oehudit,
573 2895 769 2956 vehementiae
789 2895 930 2982 urgendae
950 2913 1026 2970 ecee,
1046 2900 1080 2954 ut
1097 2893 1152 2954 illie
1172 2895 1246 2954 iuria
1262 2913 1337 2954 eon·

191 2974 279 3037 letoio
303 2979 515 3053 extorqueatur.
557 2971 628 3035 Pae
636 2977 819 3057 splendorem
841 2979 1017 3037 &uoluenti
1040 2993 1100 3034 non
1124 2973 1254 3050 melum,
1284 2975 1337 3050 (et

194 3053 311 3136 quidam
330 3052 446 3127 volunt)
467 3051 518 3113 eud
537 3051 766 3116 'sabernaculum
785 3053 907 3116 foederis
929 3055 1075 3134 inlelligit,
1104 3052 1242 3133 eymbolln
1268 3053 1336 3133 glo-

193 3137 253 3194 riae
272 3131 330 3192 Dei
350 3139 498 3206 ornatum,
517 3133 559 3197 eie
583 3135 659 3194 euim
678 3135 798 3214 liquebit
816 3153 861 3198 ex
873 3141 1021 3196 contentu.
1059 3132 1098 3194 Et
1116 3133 1249 3194 murano
1269 3135 1338 3194 eine

193 3213 251 3274 loci
275 3211 404 3272 meminit
426 3209 587 3291 Propheta,
616 3214 646 3272 in
670 3233 729 3294 quo
755 3234 786 3276 ee
809 3233 895 3276 ιοιιιι
914 3213 996 3274 Deua
1020 3213 1206 3293 patefecerat,
1232 3219 1269 3272 nt
1293 3212 1336 3272 ad

192 3309 299 3374 purum
318 3291 379 3350 eiua
398 3289 508 3348 cultum
526 3292 772 3372 eupemlilionibue
791 3296 886 3354 valere
904 3295 996 3368 inscie,
1015 3311 1048 3353 ee
1065 3293 1215 3354 conferant
1230 3293 1336 3352 euecti

193 3369 338 3434 mortales.
378 3365 480 3448 Neque
504 3371 580 3430 enim
606 3371 764 3442 sufficeret,
792 3374 910 3450 cuninae
934 3391 1041 3434 numen
1066 3373 1184 3453 aliquod
1207 3373 1335 3432 meusne

193 3449 265 3522 coli,
284 3449 345 3532 nisi·
358 3467 433 3508 nune
452 3454 481 3508 et
499 3449 576 3512 idem
595 3447 677 3511 Deus
695 3451 822 3526 colatur,
847 3451 924 3533 quod
945 3451 1008 3512 lieri
1025 3471 1085 3514 non
1103 3457 1214 3534 pateat,
1238 3451 1337 3512 denec

193 3533 346 3590 revocatus
365 3527 450 3588 luerit
468 3528 592 3588 mundae
611 3529 647 3588 ab
667 3531 798 3592 omnibne
817 3530 968 3612 figmentio.

273 3609 303 3669 3.
329 3610 398 3702 'Vox
416 3609 542 3668 debeone
560 3631 649 3690 nuper
667 3632 770 3694 oquae.
795 3608 880 3706 liuba
899 3630 932 3671 ea
952 3629 1027 3692 quae
1045 3629 1138 3706 nuper
1156 3579 1252 3692 attigi,
1283 3629 1336 3672 na·

193 3693 276 3749 turae
300 3685 436 3746 miracula
461 3695 680 3750 commemorat:
709 3709 743 3750 ac
762 3687 817 3750 Der
842 3689 958 3772 quidem
982 3709 1041 3750 non
1060 3709 1155 3751 manne
1173 3693 1337 3772 potentiam
1398 3719 1399 3747 ι

185 3783 283 3848 qnam
308 3765 464 3826 bonitatem
490 3773 602 3848 poterat
625 3769 656 3828 in
681 3769 813 3851 operibus
837 3773 898 3830 ciue
923 3768 1078 3830 celebraret
1109 3771 1211 3831 deinde
1283 3791 1336 3830 ιιιιι

195 3846 266 3908 nibil
286 3845 371 3905 sitin
390 3844 533 3906 ordeacio
553 3845 672 3908 naturae
697 3867 797 3922 enmu,
816 3849 846 3909 in
871 3856 931 3909 tota
952 3850 1024 3910 coeli
1044 3857 1072 3910 et
1087 3856 1236 3910 terraema
1278 3851 1285 3866 '
1326 3891 1336 3923 ,

186 3924 275 4008 'quod
293 3943 347 3986 noe
366 3922 402 3982 ad
413 3921 470 3984 Dei
489 3927 620 3987 notitiam
635 3948 693 3988 non
709 3929 820 4006 invitet,
839 3935 951 4011 poterat
970 3929 1336 4008 (sicuti'alibiPeel.19,i·)

38 4037 45 4044 ·
118 4034 122 4044 ι
196 4005 287 4066 colem
306 4010 337 4064 et
356 4003 461 4076 atellae
486 4011 637 4086 totumque
657 4007 803 4070 coelorum
822 4011 988 4080 exereitum,
1013 4017 1175 4090 terramque
1193 4030 1262 4075 cram
1281 4029 1336 4070 ena

197 4083 343 4165 opulentia
363 4083 393 4142 in
412 4083 538 4144 medium
558 4085 694 4164 prolerre,
713 4088 763 4150 aed
782 4107 816 4150 ee
836 4095 948 4149 tentum
968 4087 1024 4149 Dei
1044 4107 1132 4172 opere
1150 4089 1239 4170 eligit,
1257 4109 1337 4170 quae

195 4183 256 4224 non
275 4162 369 4222 colum
387 4167 530 4224 testantur
552 4163 652 4224 orbern
677 4164 713 4226 ab
740 4187 775 4227 eo
799 4167 888 4228 eemel
912 4168 1000 4228 iuieee
1023 4171 1184 4242 eonditum,
1213 4171 1337 4250 eiusque
1397 4163 1398 4192 ¹

195 4229 498 4381 imperipngube'rnari:
519 4242 569 4303 aed
588 4249 736 4340 torpentes
755 4265 871 4328 qnoque
890 4247 1130 4344 expergefactum,
1149 4255 1179 4308 et
1193 4251 1278 4344 qupei
1292 4251 1335 4308 in-

195 4325 272 4382 mtoe
358 4319 465 4395 autad
485 4339 551 4384 eum
570 4325 738 4406 euppbcrter
756 4325 942 4404 adorandum,
963 4327 1041 4409 quod
1061 4333 1146 4390 elram
1162 4326 1250 4389 laten
1267 4325 1336 4389 eot-

310 4555 325 4592 θ

544 4614 558 4649 0
