2748 4890
444 323 485 364 ιιι
520 324 778 376 ιιιιιιιιιν,
1121 331 1174 384 355

9 446 241 526 spiritualium,
265 443 368 527 qrribus
388 444 544 508 Ecclesiam
574 466 655 508 suam
681 447 762 509 Deus
787 447 960 530 locupletat,
985 449 1174 532 splenderet

9 529 155 608 ,dignitus
181 521 326 586 c'mundo
350 527 550 602 contemnitur,
574 547 672 588 coram
691 525 763 589 Deo·
781 534 877 592 umen
896 536 1022 610 praestet
1040 531 1173 594 omnibus
1249 527 1252 536 ’

9 605 128 668 nundi
153 605 273 666 divitiis:
292 609 345 666 etsi
364 625 480 668 necesse
499 627 558 667 non
577 613 621 668 est
639 607 751 692 singule
766 606 893 671 membru
912 611 1024 670 curiose
1042 607 1172 672 stbri·

9 695 97 746 stum
122 685 232 766 aptari,
273 685 338 746 uelo
357 692 402 746 est
421 685 499 766 quod
520 685 556 746 de
574 687 671 746 mullis
686 684 825 748 uxoribus
840 687 951 748 dieitur.
981 685 1055 750 Num
1075 689 1172 770 siplu·

9 785 60 826 res
84 765 246 846 linguntur
290 764 416 838 eclesiae,
440 757 611 826 lseersln’tur
634 767 762 848 corporis
783 763 890 826 Christi
915 767 1018 828 unitos.
1064 765 1173 830 Verum
1219 839 1222 845 ¹

9 845 147 924 quidem
174 850 228 920 est,
251 845 335 906 siculi
360 846 483 926 quisque
506 843 634 906 fidelium
658 852 778 906 vocetur
803 846 943 926 templum
962 845 1028 924 Dei,
1054 851 1083 910 1.
1104 847 1171 914 Cor.

9 930 42 998 3,
67 927 124 988 17.
153 925 197 986 its
221 924 435 1004 quodammodo
460 943 545 1004 posse
570 925 667 988 vocari
686 925 794 987 Christi
819 943 968 1005 sponsam:
987 925 1037 995 sed
1058 929 1173 1008 proprie

9 1003 182 1084 loquendo
206 1003 290 1064 unies
308 1010 353 1065 est
381 1023 501 1085 sponse,
528 1023 602 1085 quse
630 1023 668 1064 ex
687 1005 821 1066 universo
850 1006 964 1088 piorum
980 1013 1074 1068 coetu
1093 1005 1172 1068 colli·

9 1085 113 1164 gitur.
157 1081 274 1144 Dicitur
292 1089 389 1144 sulem
408 1082 506 1146 sedere
525 1081 563 1144 od
581 1083 656 1144 lutus
676 1085 765 1165 regis,
784 1099 843 1144 non
863 1081 941 1164 qnod
961 1085 1171 1166 peculiarenli·

9 1163 107 1243 quod
137 1163 294 1244 imperium
320 1169 467 1238 erucem,
491 1161 543 1224 sed
567 1164 705 1244 quonism
729 1163 761 1224 in
786 1182 820 1224 es
844 1162 1006 1226 dominatur
1030 1163 1172 1242 Christus,

9 1263 81 1322 quo
117 1261 210 1302 sensu
234 1247 354 1302 vocatur
376 1249 475 1304 nostra
500 1243 628 1302 omnium
652 1249 762 1318 mater,
782 1239 875 1304 Galat.
900 1243 929 1318 4,
949 1245 998 1306 26.
1037 1243 1173 1306 Continet
1214 1261 1219 1276 ·

9 1330 125 1382 autern
153 1321 204 1382 hic
228 1322 308 1382 locus
331 1323 440 1402 insigne
466 1321 631 1382 vaticinium
661 1321 697 1384 de
725 1321 823 1384 future
851 1324 979 1404 gentium
1010 1327 1176 1402 voesrliorrs:¹
1250 1329 1259 1346 ‘
1293 1311 1297 1326 ⁸

11 1421 82 1481 qna
104 1401 221 1461 iactum
240 1405 337 1462 estut
356 1399 433 1462 filius
448 1397 505 1462 Dei
524 1401 691 1464 affinitatem
711 1421 778 1462 curn
797 1402 897 1462 alicnis
915 1409 946 1462 et
964 1401 1094 1464 hostibus
1114 1405 1173 1464 suis

13 1481 222 1542 contraxerit
262 1477 331 1540 Erat
351 1481 425 1543 euim
446 1482 519 1544 inter
529 1479 625 1542 Deum
644 1487 674 1541 et
693 1500 793 1544 omues
811 1473 1025 1542 incircumcisos
1047 1503 1084 1563 po
1106 1481 1171 1548 ulos

14 1561 136 1620 hostile
158 1559 318 1623 dissidium:
338 1567 368 1620 et
387 1561 509 1622 macer-in
533 1562 710 1642 interpositu,
730 1579 803 1642 quae
822 1559 887 1622 illos
911 1560 948 1622 ab
968 1559 1063 1643 eleeto

15 1641 80 1700 hoe
101 1659 211 1721 genere
232 1640 417 1702 discerneret:
442 1641 511 1720 quis
534 1639 636 1702 foedus
660 1637 738 1720 quod
763 1660 830 1704 eum
854 1639 998 1702 Abrabam
1023 1641 1172 1723 pepigerat

14 1719 126 1796 Deus,
152 1725 253 1801 gentes
277 1739 294 1780 e
318 1741 407 1801 reguo
431 1721 576 1780 coelorum
601 1739 693 1800 usque
717 1719 754 1780 cd
774 1718 880 1782 Christi
904 1719 1106 1785 exhibitionem
1125 1740 1172 1787 er.-

17 1799 119 1860 eebat
162 1799 254 1862 Sucro
277 1801 376 1880 itaque
394 1799 528 1880 coniugio
552 1799 692 1858 mundum
712 1797 843 1880 dignatus
862 1805 915 1874 est,
934 1817 993 1860 non
1012 1819 1096 1862 secus
1115 1800 1173 1862 resi
1234 1802 1236 1811 '

19 1881 99 1942 olim
118 1877 243 1942 Iudaeus
263 1897 383 1945 uxorem
407 1899 424 1939 c
448 1886 532 1959 gente
551 1885 649 1940 extera
669 1885 703 1950 ot
722 1878 842 1958 prossus
860 1879 1036 1974 sumpsisset.
1075 1875 1169 1953 Porro
1221 1947 1226 1956 ¹

23 1966 65 2018 ut
90 1965 199 2020 uestem
221 1965 252 2020 el
273 1959 332 2020 inte
366 1978 414 2019 sm
437 1979 451 2018 s
473 1978 572 2020 oussm
596 1956 740 2038 Propheta
767 1957 882 2018 Chri-to
911 1964 1006 2036 sutri,
1036 1957 1169 2020 bortatur

26 2037 191 2100 Ecclesium
209 2058 247 2100 cx
266 2041 342 2118 genti
363 2058 396 2098 us
416 2057 437 2116 p
459 2039 566 2112 scitum,
588 2044 623 2098 'ut
637 2038 750 2118 prioris
772 2035 977 2126 uitae-oblits2
1000 2039 1113 2117 penitus
1138 2057 1172 2116 se

22 2119 134 2178 morito
155 2117 304 2178 devoveat.
343 2113 382 2177 Et
427 2117 472 2178 uic
495 2117 615 2178 mutatio
637 2115 786 2196 haecque
810 2116 1046 2197 transfigurentur
1069 2117 1099 2180 in
1119 2137 1170 2180 uo·

21 2217 81 2258 vos
102 2196 245 2272 homines,
266 2199 316 2276 qni
335 2217 372 2258 ex
393 2139 457 2256 obis
478 2195 558 2258 Adue
577 2195 631 2255 filii
650 2193 708 2256 Dei
726 2215 789 2256 csse
807 2195 955 2277 incipiunt,
975 2195 1097 2258 difficilis
1116 2203 1170 2273 est,

24 2295 93 2336 enm
124 2276 323 2338 vehementius
352 2281 435 2356 urget
459 2273 612 2356 Propbeto.
657 2273 732 2334 Nom
762 2274 817 2335 hac
846 2275 999 2335 verborum
1028 2277 1171 2358 congerie,
1217 2263 1225 2278 ’
1345 2322 1348 2341 .

23 2355 116 2431 Audi,
137 2355 213 2431 vide,
231 2355 464 2430 inclinatum,
484 2345 746 2436 significabiideles
769 2373 829 2415 non
852 2355 914 2416 sine
931 2353 1023 2416 induo
1042 2359 1072 2415 et
1090 2353 1169 2416 lnbe-

24 2437 108 2496 rioso
129 2443 235 2496 conatu
255 2437 363 2516 seipsos
383 2453 449 2496 cum
468 2435 585 2515 pristino
597 2433 773 2508 ¹educatione
786 2453 904 2514 mucre:
925 2435 991 2516 quis
1005 2434 1082 2516 apud
1101 2451 1168 2516 pr⁰÷

26 2534 137 2595 pensos
159 2521 189 2576 et
207 2515 386 2576 voluntarios
403 2520 661 2595 snpervneusesset
680 2513 745 2572 talis
764 2511 934 2590 exhortatio.
965 2510 1099 2574 lit-certe
1116 2533 1166 2590 eres

51 2595 173 2654 erienlit
199 2593 321 2654 ostendit
341 2613 427 2674 quom
447 2613 546 2673 segnes
566 2611 601 2652 eo
619 2591 692 2652 turdi
708 2593 799 2670 ¹simus
819 2591 855 2653 ad
875 2583 1052 2673 sequendum
1062 2589 1167 2671 Deum'.

27 2617 129 2734 berbo
149 2679 245 2734 cutem
262 2675 379 2734 uidendi
398 2674 499 2732 merito
519 2673 717 2752 perstringitur
735 2679 832 2732 nostra
850 2673 990 2746 socordior
1007 2673 1084 2752 ‘quin
1102 2674 1168 2734 inde

28 2761 90 2813 torn
115 2772 216 2816 coecus
240 2754 330 2814 nostri
355 2771 450 2828 emor,
474 2751 546 2812 iniec
565 2752 662 2832 opinio
686 2749 852 2833 prudentiss
872 2753 1048 2826 stridulis,
1069 2753 1169 2828 mundi

29 2832 191 2908 illecebrae,
212 2834 371 2914 arrogantie
391 2833 513 2912 denique
542 2831 694 2906 otiosius,
719 2831 797 2911 quod
818 2852 876 2895 uon
896 2839 1060 2912 repulimus
1081 2852 1168 2912 quam

29 2914 189 2992 pretiosum
208 2912 372 2973 thesaurum
392 2909 473 2992 Deus
492 2913 523 2971 in
543 2908 614 2971 Filio
638 2931 691 2970 suo
714 2911 860 2991 unigenito
879 2910 962 2986 nobis
982 2911 1092 2988 offerat,
1113 2901 1167 2972 nisi

31 2993 159 3052 obstaret
180 2991 251 3053 boec
274 2993 459 3072 inperiosus,
484 2990 719 3052 molestum·non
735 2997 838 3064 esseio
850 2988 933 3068 ‘Bauli
958 2990 1105 3070 exemplos
1117 2991 1165 3051 'ud

32 3070 169 3212 Philippii
188 3091 220 3132 en
241 3072 280 3132 ite
299 3073 391 3146 tertio,
412 3089 497 3131 versu
517 3077 630 3146 octavo,
649 3069 783 3150 quioquid
802 3071 948 3145 miremur,
966 3089 1021 3149 pro
1038 3076 1167 3144 metult

32 3151 82 3210 vel
102 3172 130 3210 nr
228 3171 320 3226 unere,
340 3158 373 3210 nt
392 3153 450 3210 suis
466 3169 522 3216 ‚nos
543 3149 645 3232 opibus
665 3149 795 3210 Christus
820 3149 930 3210 ditaret.
952 3147 1053 3208 ‘Sicut
1071 3157 1167 3210 autem

32 3235 133 3292 Filios
150 3233 267 3300 nomine
278 3251 390 3302 novam
407 3229 575 3301 Ecclesium·
587 3229 689 3325 blapdp
708 3235 737 3289 et
761 3233 889 3310 suaviter
897 3227 1059 3324 demulcelr
1070 3231 1119 3289 'ilc
1139 3236 1168 3290 et

34 3308 1012 3472 tttttttt‘zpltltttttqttttttltoqt‘ttt
1031 3308 1167 3462 titt:
1269 3451 1273 3462 ι

35 3476 80 3528 est
100 3490 150 3530 nos
167 3467 303 3531 lilio'Dci
320 3471 350 3542 in
361 3471 489 3536 ,summis
508 3467 614 3542 deliciis
634 3467 705 3542 forst
721 3467 778 3536 ,ubi
789 3469 1098 3549 terrenumjugeuium
1117 3489 1166 3533 cx·

35 3551 166 3609 uenimus.
203 3548 316 3618 Interest¹
333 3550 484 3624 discemus,
502 3549 593 3608 nostri
612 3547 828 3627 abnegationem
847 3565 943 3614 rueme
963 3567 1029 3613 eum
1050 3547 1166 3617 Christo

37 3629 238 3690 coniunctionis
257 3629 427 3710 principium
447 3647 517 3690 esse.
558 3625 632 3700 Nam
651 3647 701 3720 per
713 3622 838 3688 'dorm
853 3635 954 3708 potr-is
972 3635 999 3688 et
1010 3631 1126 3708 popsslo
1268 3691 1277 3710 x

38 3709 114 3769 houd
132 3707 213 3770 dubie
232 3709 408 3789 corruptelas
427 3727 526 3768 omues
544 3703 752 3787 intolligriPro
794 3713 849 3779 ein,
874 3726 946 3786 quas
965 3709 1004 3769 ex
1020 3713 1114 3772 triers.
1126 3727 1165 3793 ns

39 3789 160 3862 ierimus,
177 3787 226 3848 vel
244 3807 316 3868 quus
335 3787 497 3848 imbibimus
517 3787 592 3860 mols
611 3793 729 3860 consuet
771 3787 825 3860 ne,
843 3787 906 3849 iuro,
922 3785 975 3856 sub
991 3786 1046 3849 bec
1064 3786 1166 3872 loque-

40 3870 115 3928 tione
132 3867 327 3946 complectitur
346 3867 482 3948 quicquid
507 3887 544 3928 cx
570 3867 670 3946 seipsis
695 3863 800 3926 babent
816 3863 969 3938 ‚hommem
995 3867 1061 3945 quin
1087 3866 1164 3929 nulls

41 3954 151 4008 mtorse
169 3966 234 4028 pnrs
253 3947 362 4027 integra
382 3954 434 4020 est,
455 3947 500 4008 vel
520 3947 738 4026 ceorruplionp
757 3947 901 4009 immunis.
929 3943 1062 4008 Nolsnde
1081 3945 1167 4004 etiarn

41 4033 84 4086 est
101 4045 169 4106 qupe
187 4025 301 4094 additur
315 4028 404 4101 ratio,
423 4028 525 4086 instem
547 4034 576 4088 et
632 4025 1104 4096 itimnmsubiectionemtessoulsre
1113 4021 1165 4084 Ec

42 4106 157 4181 clesiem,
174 4107 229 4165 nisi
249 4103 365 4168 Christo
384 4125 416 4168 sc
435 4106 555 4168 addicat
623 4125 671 4180 em
686 4108 839 4168 mnes
862 4104 949 4175 verbo
969 4109 1166 4166 nocentem·

43 4185 124 4248 ruodo
141 4187 341 4264 ,coeremonim⁸
359 4185 409 4254 scd
433 4186 498 4266 pins
523 4187 700 4260 reverentiae
721 4191 752 4246 et
770 4182 1165 4266 prsestsndiobseqniistin-

44 4272 105 4326 etus
124 4284 170 4345 per
191 4263 405 4359 synecdochem
429 4271 553 4360 robur.
593 4263 956 4360 dippeutiniprpprobm·
972 4268 1005 4326 ut
1024 4281 1076 4358 prr
1095 4270 1166 4334 erat,

45 4343 286 4501 neec
303 4343 567 4406 ιι
858 4421 1166 4492 „s
