2730 4882
338 225 344 246 '
447 255 774 298 subsannasti.
1128 255 1183 314 439

39 396 110 438 meo
130 377 231 446 exitio,
247 361 279 438 et
296 397 336 438 ex
354 375 461 440 lusidiia
481 377 660 440 amasionem
680 397 726 438 me
738 377 879 460 perdendi
892 385 1022 460 captant:
1041 377 1185 442 sedDeas
1241 417 1246 428 ·

38 477 111 516 cum
132 458 262 536 ipsorsun
280 455 417 530 dedum
436 477 483 518 me
502 459 611 538 eripiet
636 457 877 521 Pudoremeninr
897 463 926 520 et
946 459 1083 540 probrum
1104 461 1183 520 incu-

37 543 103 596 tere
123 533 207 596 Dens
226 536 319 615 impiis
340 535 458 618 dcitur,
479 537 547 596 dnm
567 557 632 618 spes
652 558 752 597 eorum
772 537 933 597 frustratur.
974 537 1063 598 Sicuti
1085 547 1182 599 autem

36 617 124 754 ppius
144 611 292 676 mirificam
311 622 345 676 eb
361 615 445 696 plane
465 617 622 756 qoslpsteqq
636 617 700 758 sitq¹
709 617 1056 757 liberqtiouqmfi'prpmisit
1076 615 1181 760 baurg,
1232 698 1235 714 ι

35 713 650 855 ἰυῖι“ι“ῗὲἔῖω“ἷ3ιὲἶῗὲἱὲ“.εέῗωὲωζ“
701 717 784 758 ‘mm
797 717 865 758 ¹³⁰
942 717 971 756 θ’
996 717 1139 778 ⁰²⁸¹¹'¹⁰⁸
1170 731 1182 746 '

132 957 162 1024 5.
196 956 311 1023 Anima
336 979 410 1024 mea
438 958 471 1025 in
500 959 606 1026 medio
630 958 775 1043 leonum,
804 957 891 1026 iaceo
918 960 1002 1026 iuter
1026 959 1181 1044 audentea,

33 1063 124 1132 iuter
149 1059 231 1130 [ilios
257 1059 441 1134 bominu'm:
455 1065 585 1156 quibus
613 1065 724 1134 dentes
753 1063 859 1132 lancea
888 1075 963 1132 sunt
984 1087 1020 1133 ac
1042 1065 1181 1158 sagittae,

34 1181 73 1238 et
98 1169 207 1260 lingua
231 1191 346 1237 aarum
376 1170 498 1262 gladius
530 1181 652 1240 acutus.
697 1171 729 1244 6.
762 1169 911 1238 Exalture
943 1193 1040 1262 super
1071 1172 1180 1240 coelos
1202 1227 1210 1266 Ι.
1237 1252 1240 1261 ⁴

31 1275 146 1342 Deuss
172 1296 269 1367 super
295 1297 425 1344 omnem
453 1287 567 1345 terram
596 1277 695 1370 gloria
715 1287 781 1346 tua.
824 1279 857 1347 7.
890 1275 969 1344 Rete
991 1287 1181 1368 paraverunt

31 1379 199 1472 gressstaus
221 1379 315 1450 meis:
337 1381 497 1452 incurvata
521 1393 570 1452 est
590 1383 695 1452 anima
717 1389 804 1451 mea:
827 1383 975 1452 foderunt
996 1407 1104 1451 coram
1125 1407 1178 1454 ms

30 1489 177 1571 fovum,
199 1487 377 1557 oeciderunt
397 1488 433 1556 in
453 1511 534 1558 eam.
560 1487 667 1558 Selab.

119 1635 147 1694 5.
177 1636 292 1693 Arnim
309 1657 383 1697 meu.
422 1629 566 1694 Describit
591 1654 692 1695 rursus
716 1631 842 1694 hostium
866 1653 986 1696 suoram
1015 1634 1178 1696 saevitiam:

31 1732 98 1790 quo
123 1709 221 1772 Deum
246 1713 328 1772 citius
354 1711 390 1772 ad
415 1733 501 1794 opem
530 1713 674 1774 ferendam
704 1715 829 1774 inclinet.
874 1713 1003 1777 Primum
1029 1719 1177 1794 comparat

32 1790 181 1852 leonibus:
208 1790 308 1870 deiude
327 1791 423 1852 lurore
442 1793 541 1854 ardere
566 1793 633 1854 dicit
653 1793 700 1854 vel
723 1795 761 1854 im
784 1791 893 1854 larabili
918 1793 1000 1868 odio,
1025 1800 1053 1854 et
1079 1794 1176 1854 dentes

34 1891 138 1932 eorum
157 1869 262 1930 similes
282 1891 344 1932 esse
364 1871 479 1932 lauceae
498 1880 528 1934 et
547 1873 664 1953 sagittis.
687 1814 782 1951 Quod
796 1872 831 1932 de
851 1873 946 1953 lingua
967 1871 1089 1945 subiicit
1109 1879 1176 1953 apte

34 1949 157 2032 intelligi
176 1957 273 2032 potest
291 1950 327 2011 de
346 1951 494 2012 virulentia
514 1953 670 2024 calumniis,
691 1971 764 2032 quae
784 1951 868 2012 altius
889 1959 1037 2032 penetrant
1056 1951 1092 2012 ad
1113 1952 1175 2011 vul·

35 2031 179 2090 nemndos
206 2029 319 2090 inoxios
344 2051 431 2111 quam
454 2031 506 2090 ulli
531 2031 625 2111 gladii.
665 2029 704 2091 Et
729 2033 834 2092 adorus
861 2029 965 2091 Davidi
990 2033 1175 2112 praecipuum

31 2108 123 2168 fuisse
142 2115 286 2170 certamen
306 2129 373 2170 oum
392 2109 471 2172 falsis
490 2111 653 2172 criminibus
669 2109 772 2192 quibus
787 2131 854 2172 eum
869 2111 991 2192 improbi
1008 2109 1174 2192 gravabant.
1192 2169 1218 2190 .,

30 2187 163 2268 Quando
188 2195 284 2250 auum
308 2195 440 2250 sanctum
459 2191 552 2252 virum
578 2193 621 2250 ita
642 2191 792 2252 crudeliter
816 2197 845 2252 et
864 2193 949 2252 variis
970 2191 1062 2250 modis
1082 2211 1173 2271 oppu-

27 2275 157 2348 gnatam
181 2266 269 2328 fuisse
292 2269 439 2346 andimus,
468 2289 506 2332 ne
531 2269 684 2330 molestum
709 2270 792 2330 nobis
816 2271 854 2330 ait
872 2271 901 2330 in
921 2271 1040 2331 eandem
1059 2289 1175 2332 arenam

26 2347 124 2408 trabi:
149 2345 201 2408 sed
226 2347 417 2428 querimonias
440 2355 552 2410 nostras
578 2369 675 2410 coram
700 2347 765 2410 Deo
791 2349 900 2409 deferre
924 2349 1061 2425 sufficiat,
1091 2351 1175 2410 cuius

27 2435 77 2488 est
102 2425 220 2488 fallaces
244 2427 354 2508 linguas
379 2435 408 2488 et
434 2429 583 2490 sceleratas
608 2449 709 2490 manus
733 2447 750 2489 a
775 2447 853 2490 noxa
877 2425 1068 2510 compescere.¹
1106 2429 1174 2489 Ideo

27 2527 105 2566 mox
130 2523 206 2568 eum·
217 2503 313 2568 David
339 2504 480 2570 vindicem
505 2507 645 2590 implorat
686 2507 747 2569 Etsi
772 2511 850 2568 enim
873 2517 954 2569 extra
978 2529 1041 2569 rem
1059 2509 1174 2568 videtur

26 2607 96 2648 esse
116 2585 191 2648 haec
210 2589 350 2668 precatio,
369 2589 516 2650 &altare
534 2612 622 2670 anper
641 2592 736 2649 coelos
756 2591 853 2660 Dara,
871 2611 960 2670 super
978 2597 1090 2650 terrum
1107 2592 1173 2670 glo-

24 2676 169 2761 rsuram,
187 2665 213 2726 si
232 2673 517 2764 tamemrcputamus
532 2675 639 2763 quanta
654 2669 690 2728 sit
704 2669 859 2762 impiorum
871 2670 1028 2764 prpterviaq
1043 2675 1073 2728 et
1086 2687 1174 2749 quam

24 2743 438 2887 {tattitlttltltti
453 2748 624 2908 tttttt
640 2754 786 2907 {iiiiii
800 2745 1173 2908 tttt'tttttttt

23 2906 276 2986 conspiraverant,
295 2904 392 2966 Deum
411 2907 557 2988 praeclaro
578 2905 666 2966 modo
685 2925 837 2986 exsurgere
857 2908 985 2986 oportuit
999 2906 1035 2964 ad
1045 2913 1170 2966 sternen·

23 2987 99 3044 dam
120 2985 198 3046 illam
218 2983 403 3046 altitudinem.
443 2987 539 3066 Atque
565 2985 631 3046 biae
651 3003 761 3044 summa
782 2986 817 3046 ad
838 3005 890 3044 noa
910 2985 1068 3048 consolatio
1088 2985 1172 3062 redit,

22 3067 102 3125 dum
133 3084 170 3128 se,
194 3065 317 3126 ostendit
341 3063 422 3126 Deus
447 3066 530 3126 nobis
554 3085 719 3132 succurrere
745 3071 777 3126 ut
802 3065 909 3146 gloriae
934 3083 1002 3124 suae
1031 3065 1171 3146 consulat,

20 3164 100 3206 nam
121 3143 150 3204 ei
169 3163 228 3204 non
246 3145 341 3204 minus
361 3163 448 3226 quarn
471 3145 554 3206 nohis
578 3145 714 3206 insultant
738 3145 831 3226 impii:
856 3145 918 3226 ipse
943 3151 1039 3205 autern
1065 3143 1172 3225 glorias

20 3245 101 3285 suaa
121 3225 261 3284 iacturam
281 3221 375 3284 facere
394 3245 453 3284 non
473 3225 550 3300 vult,
574 3245 628 3286 neo
648 3244 759 3284 sacrum
779 3244 863 3284 suurn
883 3241 988 3284 nomen
1009 3244 1109 3284 eorum
1129 3225 1171 3284 lu·

17 3305 129 3366 dibriis
138 3305 316 3386 prostituere.
336 3301 441 3366 Postea
453 3305 555 3366 ilerum
569 3304 642 3364 redit
661 3304 696 3366 ad
717 3303 921 3384 querimonias:
942 3309 972 3364 et
990 3321 1080 3442 quum
1101 3311 1169 3364 ante
1213 3361 1219 3374 ,

15 3385 84 3445 hae
105 3382 258 3444 crudeliter
277 3403 308 3444 se
327 3387 427 3444 vexari
446 3383 558 3459 dixerit,
578 3404 654 3444 nnuc
673 3383 727 3444 sibi
746 3383 860 3444 iusidias
879 3389 909 3443 et
928 3383 990 3442 trau
1011 3403 1042 3444 es
1062 3383 1171 3446 intendi

15 3464 172 3544 deplorat.
211 3461 391 3525 lnenrvalam
411 3465 535 3526 animam
556 3463 638 3538 dicit,
658 3461 900 3543 quemadmodum
919 3463 1020 3542 trepidi
1041 3463 1171 3526 homines

13 3545 126 3606 solent
135 3563 166 3603 se
180 3540 362 3604 contraherer
384 3543 513 3627 adeoque
532 3563 599 3604 aves
618 3545 696 3624 ipsae
717 3541 784 3604 dum
805 3542 856 3602 sibi
877 3549 1009 3602 metuunt
1028 3543 1063 3602 ab
1083 3563 1171 3604 auco·

13 3627 94 3707 pio,
121 3642 181 3684 non
200 3621 305 3686 audent
324 3643 432 3703 pennas
451 3643 582 3699 movere,
606 3623 656 3684 ssd
681 3621 760 3682 hunai
785 3628 943 3703 prostratae
968 3624 1070 3683 iacent.
1110 3624 1171 3686 Alii

12 3710 155 3778 vertunt,
174 3711 340 3765 incurvavit
359 3713 613 3764 autumationum.
653 3702 711 3762 Sed
731 3703 803 3762 alter
822 3721 922 3762 sensus
942 3703 1097 3784 simplicior
1116 3711 1170 3780 ast,

13 3794 56 3844 et
76 3783 200 3844 verbum
220 3785 294 3884 {qul
314 3783 480 3844 neutraliter
499 3802 583 3878 saepe
601 3781 748 3863 accipitur.
783 3781 956 3868 Quanquam
977 3789 1073 3842 autem
1093 3787 1169 3852 mm

12 3863 167 3924 Hebraeis
191 3861 239 3924 ‘est
271 3863 460 3942 femininum,
493 3858 560 3924 alibr
592 3869 689 3924 tamen
724 3881 841 3946 quaqua
875 3861 1039 3927 masculinis
1073 3861 1168 3922 verbis

12 3945 163 4024 iungitur.

115 4133 147 4199 8.
181 4130 329 4200 Paratum
352 4155 538 4203 cormeum
560 4133 666 4217 Deus,
695 4143 839 4224 paratam
866 4155 1069 4204 cormeums
1097 4156 1170 4202 can-v
1232 4113 1234 4118 Ι
1351 4217 1352 4228 q

12 4239 100 4306 tabo
123 4249 157 4306 et
176 4237 317 4332 psallam.
362 4241 394 4308 9.
429 4239 574 4332 Exsurge
595 4239 700 4332 lingua
722 4263 803 4322 mea,
824 4263 959 4332 exsurge
981 4239 1111 4340 nablum
1134 4249 1166 4308 et

12 4345 158 4432 cithara,
180 4346 343 4416 excitabar
364 4346 512 4418 diluculo.
560 4347 611 4416 10.
646 4345 820 4416 Celebrabo
843 4358 874 4416 te
896 4345 928 4412 in
951 4345 1078 4438 populis
1101 4343 1165 4414 Do·
1227 4341 1230 4348 '

873 4561 878 4575 Ι

1008 4667 1011 4674 ι
