2804 4890
466 203 518 298 rol
540 256 702 298 estun.
730 256 842 301 ιιιιιιιιι.
872 295 876 308 ,
1167 254 1221 313 m
1278 273 1292 289 ,

64 381 167 442 habet
189 379 343 462 originem,
367 385 397 442 et
422 399 440 442 a
464 399 524 461 quo
548 385 688 442 serrator.
727 377 803 442 Nam
826 380 927 442 time
946 384 976 442 et
994 385 1121 442 metuere
1140 397 1158 440 a
1177 379 1219 440 le·

63 461 156 522 hova
175 459 248 520 nihil
271 460 348 520 eliud
374 467 418 521 oet
441 479 529 540 quam
553 459 760 520 formidabilem
784 461 846 520 eius
891 466 1041 520 oteetatem
1065 461 1218 540 suscipere.

63 539 131 600 Est
149 546 247 600 autem
267 539 323 600 hoo
342 541 426 600 nimie
446 541 532 602 eraaai
553 541 687 620 stuporis,
706 559 765 600 non
786 542 863 600 iuteo
900 560 930 600 re
955 541 991 599 ad
1011 538 1066 600 Dei
1088 559 1219 620 praeseu-

64 624 156 695 tiam,
177 638 195 680 a
215 637 274 700 qno
293 625 338 679 eet
358 626 487 680 nostrum
507 639 578 694 ease,
597 627 627 678 et
636 621 665 679 in
674 639 735 698 quo
744 627 835 680 etotue
845 627 943 678 noster
953 620 1089 692 consistit,
1109 627 1218 678 utrum·

63 720 133 780 qne
152 699 232 760 euim
244 700 365 779 attingit
375 699 529 780 Propheta,
548 699 647 761 orbem
668 700 755 760 luisse
773 699 893 760 simulne
909 698 989 760 Deus
1009 699 1145 778 loquutus
1165 705 1219 772 est,
1332 703 1335 714 '

63 787 99 840 et
122 780 188 840 eins
208 779 343 852 mandato
363 779 487 858 aliquem
507 779 640 839 habuisse
658 785 779 840 etatum:
799 781 934 858 quianon
954 779 1023 840 satie
1038 779 1137 843 luisset
1157 799 1219 838 mo·

63 865 179 920 monto
201 859 263 918 eius
287 858 449 933 eonditum,
473 860 527 919 nisi
554 859 687 920 sullultne
707 857 762 918 Dei
786 861 892 918 virtute
910 865 1007 920 staret.
1048 856 1129 918 Deus
1149 878 1217 938 ergo

62 959 133 998 non
154 956 262 1018 magno
282 945 421 1019 apparatu
439 939 474 998 ad
494 939 594 998 mnndi
613 939 786 1000 creationem
806 946 941 1001 nauseat:
960 937 1010 998 sed
1031 944 1064 996 ut
1084 937 1218 1017 proboret

61 1021 245 1080 immensam
264 1016 360 1078 *Verbi
381 1019 429 1080 eui
454 1020 619 1100 potentiam,
649 1020 731 1078 iussit
756 1025 789 1078 ut
807 1019 963 1098 'imperium
988 1017 1118 1097 protinus
1143 1022 1218 1076 esset

63 1118 159 1178 opus.
202 1097 348 1173 Ceterum,
367 1098 489 1158 verbum
509 1097 662 1158 lilandandi
682 1095 832 1158 oonlirmat
855 1101 933 1178 qnod
974 1097 1039 1157 aulo
1060 1103 1125 1156 ante
1146 1097 1217 1156 dixi·

60 1197 154 1252 mus,
179 1195 341 1272 qermomm
365 1177 437 1238 nihil
460 1178 538 1238 aliud
562 1197 625 1238 ease
650 1197 737 1258 qnam
762 1185 877 1250 nutum,
901 1185 931 1239 et
949 1119 1029 1256 iirqui
1048 1175 1119 1236 nitet
1139 1175 1216 1234 alind

63 1257 295 1398 qmfigigbw
315 1258 508 1400 qqodttaqqen
528 1259 717 1398 sieDapeiperte
735 1259 879 1398 efiqpvenit,
899 1265 934 1318 ut
950 1259 982 1318 in
1000 1257 1058 1317 hoo
1076 1263 1150 1316 notu
1170 1255 1216 1316 vel

63 1355 140 1398 man
233 1355 266 1398 se
283 1355 398 1419 proera
429 1357 447 1398 a
477 1356 545 1400 erne
595 1358 621 1399 en
640 1356 739 1419 sapien

169 1519 224 1587 10.
245 1517 363 1587 lehova
385 1517 514 1612 dissipat
535 1518 702 1588 eonsilium
723 1521 885 1604 Gentium,
906 1518 989 1587 tollit
1010 1519 1216 1611 cogitationes
1274 1552 1277 1576 ·

66 1625 283 1718 populorum.
330 1627 382 1694 11.
404 1623 582 1694 Consilium
608 1625 746 1696 lelrovae
763 1626 804 1694 in
827 1637 989 1694 oeternum
1013 1625 1114 1709 stabit,
1136 1626 1215 1717 cogi·

65 1733 215 1800 tationes
236 1731 339 1801 cordis
367 1731 435 1800 eius
461 1733 495 1800 in
517 1733 660 1802 secudum
682 1743 715 1800 et
741 1733 894 1801 seculum.
941 1733 992 1798 12.
1016 1731 1112 1798 Beata
1135 1755 1214 1822 gens

11 1861 13 1872 ’
67 1839 124 1906 eui
149 1836 370 1906 lehovnDeus
392 1847 450 1921 est,
472 1839 719 1930 populusquem
737 1839 830 1930 elegit
850 1837 883 1903 in
901 1838 1125 1904 haereditatem
1147 1837 1215 1904 sibi.

157 1987 205 2046 10.
224 1986 336 2044 ledono
354 1985 480 2064 dnstpot
498 1986 654 2044 constitum
676 1989 822 2044 Gentium.
851 1981 1011 2062 Postquam
1030 1981 1154 2042 breviter
1173 1987 1215 2040 at·

69 2064 142 2144 tigit
161 2063 259 2122 mundi
284 2065 471 2134 creationem,
495 2064 531 2122 ad
555 2065 716 2123 institutum
741 2057 902 2122 seimonem
926 2061 1016 2135 redit,
1035 2061 1215 2142 quotidianos

68 2143 187 2202 scilieet
205 2151 324 2202 eventus
344 2149 438 2202 certos
457 2162 518 2202 esse
537 2144 733 2224 providentiae
752 2142 808 2202 Dei
829 2149 923 2202 testes.
964 2141 1071 2214 Porro,
1094 2161 1131 2200 ne
1150 2142 1215 2220 quie

66 2221 332 2284 miretur..1)enm
357 2222 404 2282 hio
427 2223 523 2282 induri
547 2242 564 2284 a
588 2221 735 2304 Propheta
761 2224 841 2302 qnasi
867 2221 1028 2288 lromiuibna
1052 2221 1215 2294 adversum,

66 2304 128 2382 qui
145 2301 271 2382 disn'pet
295 2323 395 2361 eorum
420 2304 537 2362 oonsilio
561 2305 658 2382 potine
683 2321 768 2383 qnam
790 2302 922 2375 stabiliat,
941 2299 1026 2362 etad
1046 2319 1215 2381 prosperum

66 2401 242 2442 enweesum
260 2381 391 2452 adducat,
411 2383 576 2463 exemplum
595 2384 681 2464 elegit
700 2382 779 2463 qnod
798 2381 834 2440 ad
859 2383 971 2462 piorum
991 2381 1215 2440 consolationem

65 2465 202 2548 maxime
225 2461 345 2521 valebat
385 2461 499 2522 Soimns
523 2464 598 2522 enirn
623 2482 710 2543 qnam
735 2461 824 2521 multa
848 2462 959 2522 assidue
981 2461 1104 2520 ‘audeant
1123 2459 1215 2520 homi·

67 2561 135 2614 nes,
159 2547 191 2602 et
211 2549 324 2622 praeter
348 2543 392 2601 ins
416 2549 446 2601 et
465 2542 509 2601 les
527 2541 735 2616 machinentur,
761 2550 792 2602 ut
813 2543 872 2600 auis
891 2540 1004 2600 artibus
1017 2547 1111 2602 totum
1131 2559 1213 2600 mnn-

67 2622 143 2684 dnm
164 2629 329 2702 pervertere
349 2628 498 2695 conentur,
517 2629 591 2682 utse
610 2623 758 2702 tyrannioe
771 2621 889 2682 ellerant
909 2621 944 2679 ad
964 2618 1214 2680 ealoandosbonos

67 2709 101 2762 et
123 2701 287 2782 simplides,
307 2701 376 2782 quid
396 2721 465 2781 ergo
485 2701 567 2761 nobis
586 2704 730 2774 miserius,
750 2703 775 2762 ei
794 2704 823 2760 in
843 2706 922 2760 tanta
941 2699 1057 2758 libidine
1076 2700 1214 2779 permissu

67 2783 130 2841 illis
151 2783 235 2841 esset
250 2781 422 2860 exsequendi
439 2780 571 2840 libertas?
591 2782 631 2842 At
650 2779 698 2842 nbi
719 2801 756 2840 ex
776 2781 835 2839 alto
855 2781 1019 2858 pronuntiat
1041 2777 1128 2853 Deus,
1149 2797 1214 2838 suo·

67 2871 141 3022 2:32
159 2861 698 3078 {foetentemque
717 2857 1213 3032 tentitudine

67 3022 166 3080 tuenti
189 3039 233 3094 ns,
256 3021 381 3100 quietem
394 3021 541 3080 'eolamne
582 3018 683 3098 Quare
713 3021 815 3080 dieitur
838 3023 966 3078 evertere
990 3016 1071 3077 Deus
1096 3015 1213 3076 consilia

69 3100 237 3174 hominum,
256 3119 314 3160 nuo
336 3099 415 3180 qood
433 3120 534 3160 eornm
553 3101 736 3160 frustratione
754 3119 793 3160 ex
813 3098 940 3196 professo
961 3116 992 3158 ee
1012 3096 1143 3168 oblectet,
1163 3095 1213 3154 aed

69 3188 104 3240 ut
126 3188 292 3260 compescat
311 3199 413 3240 eorum
431 3182 634 3243 temeritatem:
655 3182 723 3260 quia
742 3197 838 3240 omnra
858 3177 1168 3270 protinusnmiseerent,
1188 3176 1213 3234 si

68 3260 250 3420 :mit
261 3266 500 3421 ‘iuditii
521 3261 720 3420 diiii?
733 3257 1213 3430 titeitsttttts'ddt

69 3427 118 3480 est
136 3437 242 3480 eornm
261 3417 351 3479 furori
371 3422 479 3558 opponi
498 3418 555 3480 Dei
575 3421 755 3500 praesidinm.
787 3417 847 3478 lmo
868 3418 935 3498 qnia
954 3417 1046 3476 maior
1064 3411 1213 3510 hominnm

68 3519 140 3580 pere
161 3505 326 3580 contempta
347 3519 395 3558 mo
415 3502 493 3574 estin,
512 3501 542 3558 in
563 3500 711 3560 confusam
731 3499 871 3560 lieentiam
893 3498 998 3566 tenor,
1022 3515 1079 3555 non
1101 3495 1137 3554 de
1156 3513 1212 3554 ern·

70 3579 149 3660 gulia
171 3584 283 3638 tantum
304 3577 474 3654 hominibus,
495 3579 544 3642 sed
564 3579 601 3640 de
619 3581 688 3639 totis
708 3579 822 3660 populis
841 3577 968 3657 liquitur
979 3573 1135 3656 Propheta,
1154 3575 1213 3632 aesi

70 3661 192 3732 diceret,
210 3655 353 3736 Quamvis
377 3661 451 3718 inter
470 3677 501 3719 ee
521 3661 684 3742 oonspirent
703 3658 842 3730 homiues,
862 3657 1029 3736 utagnieque
1048 3655 1138 3733 copiis
1157 3653 1214 3712 hoo

70 3739 123 3796 vel
143 3737 217 3798 illud
235 3739 349 3819 aggredi
369 3738 533 3814 defluerent,
559 3741 676 3800 consilia
700 3745 797 3798 tamen
820 3755 920 3796 eorum
944 3735 1005 3794 iore
1029 3734 1121 3794 irritae
1146 3733 1213 3812 quia

70 3817 140 3914 ileo
165 3838 224 3914 nop
250 3819 316 3914 erit·
329 3815 401 3914 plna·
417 3820 524 3900 negotii
547 3819 578 3880 in
601 3817 762 3899 dissipanda
785 3817 891 3896 ingenti
914 3813 1212 3909 multitudineqqnam
1269 3917 1271 3922 Α

70 3919 103 3958 ιιι
130 3915 229 3978 pauore
253 3897 426 3960 cohibendae.
467 3897 640 3980 Quanquam
663 3904 760 3959 autem
782 3893 848 3956 Deo
871 3901 1050 3978 propoutnm
1075 3893 1138 3964 furt,
1158 3911 1212 3952 nos

71 3978 150 4038 bona
170 3999 223 4059 spe
241 3985 340 4038 eontra
358 3977 556 4059 improborum
575 3979 722 4039 andaciam
742 3979 866 4050 munire,
887 3975 972 4036 simul
996 3980 1090 4034 tamen
1111 3990 1211 4031 caven·
1315 4009 1343 4026 ,,

72 4058 145 4117 dnm
165 4077 228 4118 esse
247 4058 389 4132 admonet,
408 4057 534 4136 nequid
553 4060 608 4120 nisi
627 4079 680 4120 eoo
699 4059 778 4118 insen
797 4064 827 4121 et
846 4057 978 4138 auspioiis
996 4058 1147 4124 tentemus.

156 4142 206 4201 11.
228 4140 390 4198 Consilium
414 4141 548 4200 Ielsoooe.
587 4140 757 4200 lmneensenr
783 4135 839 4196 Dei
863 4135 1020 4216 potentiam
1039 4133 1080 4192 aie
1099 4129 1213 4190 extollit

73 4217 230 4298 Propheta,
251 4225 282 4276 ut
302 4219 332 4276 in
352 4217 413 4276 eius
438 4217 587 4280 altitudine
607 4219 694 4280 iidem
717 4223 844 4276 nostram
865 4214 1004 4285 aedificet,
1022 4229 1116 4292 neque
1135 4211 1212 4270 enirn

75 4298 226 4358 consilinm
246 4296 343 4358 undat
403 4295 440 4355 od
460 4315 513 4355 nos
533 4301 562 4358 in
582 4298 663 4360 eoelo
678 4295 875 4356 absconditum
895 4292 996 4374 procul
1016 4291 1163 4370 suspicere
1183 4295 1212 4350 et

74 4379 202 4440 revereri
220 4377 300 4455 vetit,
398 4376 467 4458 quis
489 4381 594 4458 passim
617 4383 753 4451 testatur,
778 4374 831 4436 sibi
850 4373 936 4434 eordi.
948 4389 1010 4432 ease
1028 4371 1164 4432 iustitiam
1182 4375 1213 4432 et
