2748 4890
119 269 124 278 '
250 345 256 352 ⁸
383 295 445 336 ¹ru
473 295 632 338 assus.
659 295 802 338 xxxmo·
954 273 959 284 '
1109 298 1163 359 297

32 424 155 494 tentiam,
180 439 260 502 qnae
277 437 344 482 mm
358 419 477 480 institia
499 437 552 480 sm
570 419 682 500 mutiet
722 418 791 482 ldoo
811 417 908 482 novit
927 420 1047 482 ttmnlae
1065 420 1164 484 Deum

31 503 81 564 sibi
103 501 253 562 intensum
269 500 423 580 'ooneepit‚
442 497 626 560 convertitur·
642 499 679 560 ad
704 518 756 560 sna
775 507 909 580 peoeeta,
932 501 1076 580 quinium
1096 508 1163 566 ante

33 583 126 644 uoluit
143 599 206 642 non
231 599 293 640 esse
311 586 467 659 ᾱγιιιιιιιιιιι
490 579 540 659 qiu
559 580 661 640 iniuste
686 581 808 653 saeviat,
827 580 877 640 sod
896 597 1021 660 aequum
1040 581 1162 645 iodioem

32 666 79 742 qni
96 671 249 756 nunqnpm
266 660 396 756 irsseitpr
420 659 473 718 nisi
497 659 630 719 offensus.
654 657 758 798 lpinpo
773 659 798 718 si
821 659 943 720 velimus
967 662 1078 756 iustam
1094 658 1161 722 Deo

32 741 139 881 lli?
151 737 793 913 fflu’pltttt‘ttttattlt
816 757 876 878 tt
898 757 1162 898 ttrtttttt

34 897 1162 1060 tottt‘tttttqtt‘tttttltt·tt‘tttttttttttttttt

36 1059 140 1119 sentiat.
179 1055 245 1116 Etsi
264 1059 339 1117 enim
358 1076 464 1118 nomen
496 1059 536 1124 tlt
555 1077 609 1138 pro
628 1076 720 1138 poene
739 1075 824 1136 saepe
843 1057 974 1130 sumitur,
994 1059 1098 1118 sumus
1117 1065 1160 1118 ta·

35 1159 94 1198 men
115 1135 145 1196 id
169 1153 236 1196 esse
257 1136 466 1198 translatitium.
506 1133 606 1216 Neque
630 1137 716 1197 etiam
739 1155 814 1218 nego
834 1137 905 1216 quin
924 1135 1018 1196 David
1038 1137 1075 1201 ed
1094 1139 1161 1198 elle·

38 1227 106 1278 otum
130 1215 284 1278 unmiernt
307 1215 386 1297 quod
410 1233 512 1276 enneae
534 1217 683 1311 proprium
708 1223 768 1290 est,
793 1215 862 1276 dum
891 1223 930 1238 ⁶·
970 1225 1057 1280 ttetee
1075 1224 1162 1280 voest

38 1315 100 1378 quas
117 1315 167 1356 sna
187 1295 276 1378 orslpa
295 1313 402 1377 poenas
413 1302 577 1364 ,eontraxrts
597 1296 699 1356 diserte
718 1302 813 1356 lamen
832 1239 1007 1357 sindi'diert
1026 1297 1090 1358 vult
1108 1299 1160 1356 im-

39 1375 183 1458 putandum
204 1378 270 1436 esse
288 1377 347 1434 suis
386 1375 490 1435 eonatis
510 1375 644 1455 quiequid
664 1375 942 1436 malorumsusliu'et.
973 1373 1162 1458 Neqpeenim

39 1455 160 1594 ffipklo·
179 1453 263 1594 Caipp
282 1463 348 1551 pum
376 1541 389 1596 t
415 1473 433 1514 o
458 1455 622 1538 expostulat
641 1455 677 1514 de
700 1453 853 1595 ἱιιιιιιιοιίἰιῖ
870 1457 1160 1594 ροιέιιιιιςιῒιιοιιῖιέιιι

549 1551 582 1594 ea
624 1553 689 1594 uam
713 1555 734 1594 u
765 1554 819 1594 um
850 1553 915 1594 een
961 1556 969 1593 ι
1207 1571 1212 1583 ·

40 1557 125 1674 eidem
144 1534 215 1674 dddd
234 1553 376 1710 'dioilliad
387 1552 591 1676 uiiiddlldoo
638 1633 715 1674 anes.
736 1617 765 1690 l,
786 1617 833 1676 13.
858 1555 890 1674 dt
909 1554 1161 1676 moreibidlliiaii}

42 1695 76 1752 dis
93 1701 119 1753 et
137 1692 207 1753 Cain
228 1693 271 1754 sit
294 1693 401 1774 aliquid
424 1693 525 1754 simile.
564 1691 622 1752 Sed
642 1691 762 1754 Dav'idis
785 1690 935 1754 eonsilium
958 1693 1044 1774 longe
1069 1695 1160 1755 diver·

42 1793 95 1833 snm
112 1771 169 1848 tuit,
186 1791 261 1834 nam
279 1792 370 1854 qnam
389 1772 559 1853 obrepersut
577 1774 638 1832 eius
656 1775 753 1834 animo
771 1774 946 1834 tentationes
963 1775 1042 1846 istae,
1059 1773 1160 1852 Quam

42 1854 134 1912 deuter
154 1859 182 1914 te
196 1851 289 1914 ¹Deus
310 1855 432 1914 traotat‘t
455 1860 532 1914 sorte
556 1871 646 1932 quum
670 1853 777 1914 nullam
801 1851 905 1914 habeat
923 1853 966 1914 tui
983 1853 1097 1914 levandi
1115 1873 1180 1914 ra„

43 1934 143 2007 tionem,
158 1931 222 1992 vult
240 1939 276 1992 te
294 1927 437 2014 perditum
456 1939 487 1992 et
505 1933 676 1994 extinctam:
700 1931 871 1997 nonunodo
895 1934 1002 2014 spernit
1025 1939 1093 1994 tuos
1112 1953 1160 2012 ge·
1288 1943 1294 1970 ¹

44 2011 125 2086 nitus,
140 2011 184 2072 sed
205 2031 271 2092 qno
290 2013 381 2096 magis
399 2011 540 2074 duonum
559 2011 646 2085 videt,
666 2011 817 2074 violentius
841 2013 1035 2092 persequitur:
1055 2020 1087 2074 ut
1107 2015 1158 2074 im·

62 2093 89 2148 iis
102 2093 155 2150 istis
172 2091 438 2172 ignientisaditum
456 2091 666 2172 praecluderet,
685 2091 819 2172 elypeum
833 2089 910 2152 hune
919 2092 1063 2172 opposuit,
1081 2093 1159 2156 insto

43 2111 200 2234 ildiudisto
217 2189 257 2232 se
275 2172 372 2258 affligi.
411 2169 486 2232 Nam
510 2177 541 2232 et
564 2189 656 2252 nuper
679 2171 829 2252 adscripsit
846 2173 971 2266 penatis
987 2172 1047 2232 suis
1066 2179 1159 2234 totam

44 2249 92 2308 ime
112 2247 162 2312 Dei
185 2253 373 2332 grauitatemr
402 2259 432 2312 et
456 2250 544 2332 panlo
567 2257 637 2332 post
658 2255 777 2332 repetet,
806 2251 942 2331 qruoqnid
962 2253 1076 2332 patitur,
1105 2271 1158 2312 sua

46 2331 148 2390 amentia
164 2329 258 2392 tonse
277 2331 439 2392 oonllntnm.
477 2327 621 2410 Quamvis
635 2349 705 2410 ergo
725 2349 775 2392 sua
794 2329 873 2396 mala,
889 2329 924 2392 de
945 2331 1049 2406 toruos,
1067 2331 1159 2394 videti

47 2410 121 2487 possit
136 2411 164 2470 in
182 2411 310 2492 εριοίιιιι
329 2429 396 2470 eom
415 2409 480 2470 Deo
503 2411 626 2491 litigare,
651 2409 725 2470 hune
743 2415 839 2472 tamen
862 2429 910 2470 mo
930 2411 1030 2472 estium
1055 2413 1158 2472 retinet

50 2489 114 2566 tqoia
129 2486 208 2564 Dens,
223 2489 382 2572 puniendo,
410 2490 528 2550 modum
556 2509 615 2552 nou
636 2489 762 2564 excedit)
792 2488 862 2564 nihil
890 2496 1005 2571 praeter
1026 2489 1158 2586 depreca-

50 2567 137 2628 tionem
154 2569 204 2630 sibi
223 2577 345 2630 restare:
371 2589 460 2649 quum
485 2570 564 2651 impii
589 2570 771 2649 quantumvis
795 2565 869 2628 male
894 2569 947 2630 sibi
966 2571 1072 2630 conscit
1091 2573 1156 2645 sint,

49 2642 100 2704 Deo
116 2655 204 2710 umen
222 2651 449 2720 obmurmurent,
468 2669 527 2710 nou
546 2669 627 2710 sautu
647 2668 681 2710 ao
700 2649 776 2710 serae
789 2647 943 2712 indomitae
962 2657 1076 2710 oauues
1095 2651 1156 2732 qui·
1216 2677 1221 2698 ι

50 2721 92 2784 bos
106 2730 337 2810 mudringnntun
356 2727 487 2792 dentibus
505 2728 643 2792 mordent.

112 2807 347 2870 &Potuerunt
386 2807 454 2868 Mali
463 2808 675 2872 uoluminum
684 2805 742 2868 hoo
749 2827 835 2870 versu
845 2815 1057 2882 commemorat
1098 2809 1157 2870 nod

51 2881 162 2946 levationi
178 2887 373 2970 impetrandae
391 2888 486 2948 valere
505 2888 610 2950 debuit.
649 2886 724 2948 Nam
748 2909 838 2968 quum
857 2887 1000 2948 Dominus
1019 2829 1097 2969 apud
1114 2887 1155 2948 le·

52 2963 121 3022 saian
136 2967 181 3046 4⁰2⁴
199 2973 227 3029 ⁶2.
268 2968 428 3042 renuntiat,
452 2967 599 3048 impletam
622 2967 709 3028 luisse
732 2966 877 3028 Eeolesioe
900 2967 1051 3042 malitium,
1075 2971 1105 3027 et
1124 2985 1155 3028 se

53 3059 93 3116 pro
109 3047 221 3123 pereatis
240 2989 366 3129 duplicia
384 3049 411 3108 ei
430 3047 604 3128 rependisse:
623 3045 771 3129 signifieat,
791 3045 841 3107 ubi
859 3047 1031 3128 satis-exegit
1046 3067 1155 3130 poena-
1199 3115 1201 3122 Ι

53 3136 110 3196 mut,
126 3143 154 3184 se
170 3134 282 3188 nuatum
299 3127 419 3210 placari:
437 3127 497 3188 imo
517 3129 541 3188 si
560 3128 672 3208 longius
686 3133 878 3208 prosequutus
899 3126 1074 3210 lueritsuunp
1093 3129 1155 3188 vio·

55 3197 145 3275 dietam,
161 3221 212 3284 pro
230 3225 285 3266 sna
310 3207 459 3268 elementia
485 3209 567 3288 qnasi
590 3207 682 3270 toedio
702 3207 786 3282 altini,
810 3213 844 3266 nt
861 3205 1056 3268 liberationem
1076 3225 1155 3268 neee-

56 3275 119 3353 leret,
138 3285 207 3344 dont
229 3287 298 3348 olibi
322 3286 399 3362 dioit,
417 3283 585 3348 Examinavi
609 3296 647 3363 te,
671 3287 720 3348 sed
745 3306 803 3346 non
822 3287 911 3348 instar
929 3306 962 3346 ar
981 3287 1047 3360 enti,
1071 3306 1107 3346 ne
1126 3294 1155 3348 to

53 3373 229 3441 ursonem,
246 3365 306 3427 Jes.
325 3361 381 3442 48,ἱ
394 3366 442 3429 10.
471 3363 537 3428 Huo
555 3387 624 3448 ergo
643 3373 752 3448 spectat
766 3365 845 3446 quod
864 3367 900 3426 de
918 3308 986 3426 maii
1006 3365 1156 3428 duratione

55 3442 209 3515 usqemun
226 3443 338 3520 David,
361 3452 395 3506 ut
418 3448 499 3506 iustis
523 3449 623 3524 poenis
647 3446 828 3528 perfunctus,
850 3445 964 3506 tandem
983 3445 1155 3508 levationem

57 3511 163 3580 vitiasti
199 3522 265 3586 Fuit
289 3533 384 3586 not·
409 3525 562 3592 beennon
586 3526 657 3586 levis
682 3527 800 3586 tentatio
826 3543 912 3586 servo
932 3523 997 3602 Du,
1017 3527 1153 3588 continuo

55 3589 166 3672 lugnole
186 3606 356 3680 sostenium,
379 3607 460 3686 quasi
478 3606 509 3666 in
533 3607 615 3666 molis
638 3608 697 3666 suis
716 3613 879 3686 putrescere
897 3613 929 3668 et
946 3607 977 3666 in
995 3609 1104 3668 saniem
1121 3607 1153 3666 li-

56 3673 157 3747 quetieri.
192 3682 224 3744 ln
243 3705 303 3766 qno
322 3687 412 3766 magis
430 3687 559 3746 miranda
577 3693 621 3746 est
640 3687 701 3746 eius
716 3687 883 3761 wustantia,
902 3704 1044 3768 qoaeuon
1062 3688 1154 3767 magis

56 3748 125 3843 lueto
139 3757 189 3822 luit
205 3783 301 3826 morae
320 3765 506 3844 tongtutine,
528 3785 615 3846 qnam
633 3767 772 3826 immenso
792 3765 933 3826 malorum
953 3767 1033 3826 oneri
1052 3785 1151 3826 sueon-

56 3823 108 3890 lltl
142 3835 221 3914 Quod
240 3864 326 3924 porro
344 3847 502 3906 nodutum
526 3852 652 3906 nostram
677 3845 743 3906 loeo
767 3846 876 3926 peceati
899 3847 994 3928 ponit,
1018 3845 1055 3905 ad
1075 3851 1152 3906 exte·

57 3911 171 3976 uuaudm
193 3922 304 4002 eulpam
328 3927 445 3986 minim
467 3926 601 4006 pertinet:
631 3925 706 3986 deut
734 3923 902 4006 hypocritae
930 3926 999 3986 dum
1027 3925 1153 4005 effugere

57 3995 143 4082 ΜΨ
158 4009 307 4079 manunt,
331 4011 364 4063 ut
383 4010 478 4064 tamen
497 4011 634 4065 excusent
656 4005 770 4066 dimidia
789 4025 826 4065 ex
845 4012 936 4086 parte,
954 4005 1053 4066 lucum
1072 4005 1152 4086 igno·

59 4072 143 4130 notae
159 4075 321 4158 obtendunt,
339 4084 387 4144 vel
406 4083 509 4144 errore'
522 4091 551 4143 et
570 4085 751 4166 incogitantia
770 4104 801 4145 se
820 4085 916 4167 lapsos
935 4105 997 4145 esse
1016 4087 1151 4164 tergiver-

60 4153 146 4208 santur:
162 4158 213 4216 ‘sed
236 4164 388 4224 seeundum
407 4162 563 4224 Hebraioae
588 4163 701 4244 liuguae
725 4163 840 4244 phrasin
861 4185 913 4246 per
938 4163 1081 4224 stultitiae
1100 4183 1151 4224 no·

60 4237 110 4282 noo
125 4249 152 4289 ω
168 4233 314 4320 desipuisse
332 4243 445 4324 latetur,
469 4243 547 4323 quod
567 4246 660 4304 earnis
678 4243 786 4305 libidini
805 4244 980 4325 obsequutos
999 4243 1085 4304 luerit
1103 4241 1150 4302 ad·

62 4314 138 4395 venus
153 4307 248 4378 Deum
285 4320 324 4382 Et
342 4330 419 4382 oorte
437 4324 543 4404 passim
603 4325 746 4386 antumvis
769 4327 877 4385 atrocia
900 4323 1005 4384 seelera
1025 4321 1151 4405 Spiritus

62 4373 193 4470 letgiam,
214 4415 270 4464 uon
292 4400 426 4466 soblem
448 4409 558 4480 reatum
599 4404 742 4482 ominum,
765 4405 823 4466 eost
843 4397 953 4468 levibns
972 4409 1085 4466 tantum
1103 4402 1151 4466 de
1228 4465 1232 4474 ,
