2748 4890
643 161 669 219 xr

436 257 481 298 rr<
508 259 660 298 rsrurr
694 259 815 308 xxxrrr.
1149 255 1208 318 279‘
1319 227 1349 252 “’

51 388 183 456 octavo,
201 380 251 444 uhi
268 381 371 442 diserte
389 335 493 442 iurabis
512 341 542 442 et
560 381 722 444 iracundiae
745 382 780 444 lit
797 383 919 478 incipio,
941 383 1097 446 absurdum
1120 393 1205 462 esset,

50 463 188 522 verbum
214 461 271 520 boc
296 459 373 542 quod
399 461 548 524 subiicitur
572 459 673 524 eodem
698 481 784 538 sensu
799 469 833 528 et
852 484 881 524 ru
901 463 1022 525 eundern
1040 464 1128 526 linem
1147 467 1204 528 alio
1289 521 1296 530 .

51 541 191 603 trahere.
230 539 343 601 Deinde
362 543 503 621 optimum
522 541 650 602 ordinem
670 548 748 604 tenet
767 539 871 602 David:
892 545 960 625 quia
975 543 1023 604 ubi
1036 545 1205 624 indignatio·

49 641 130 686 nem
151 619 236 682 nohis
255 623 348 681 movit
366 621 519 700 impiorum
538 623 720 702 prosperitas,
738 641 810 683 mox
822 621 920 704 lapsus
939 623 975 686 ad
985 625 1204 687 aemulationem

50 703 186 762 nimium
212 701 347 782 proclivis
373 707 424 760 est.
465 697 548 760 Prius
573 720 641 781 ergo
667 700 825 762 cavendum
854 703 1003 780 admonet,
1031 724 1069 766 ne
1093 713 1204 768 mentes

50 789 179 842 nostras
198 782 291 844 irritet
310 779 417 840 caduca
437 780 483 840 vel
503 781 598 860 polius
618 782 784 858 imaginaria
804 781 936 843 felicitas:
966 781 1067 846 deinde
1096 785 1203 856 invidia

50 881 114 924 uos
142 861 181 922 ad
206 859 381 942 peccandum
406 859 537 920 concitet.
578 861 702 922 Additur
725 855 856 922 secundo
875 880 961 926 versu
985 864 1072 936 ratio,
1091 865 1203 944 quiari

51 941 151 1002 hodie
170 941 273 1002 florent
293 943 381 1002 instar
399 937 504 1000 herbae
524 939 631 1014 viridis,
650 959 713 1002 cras
733 941 835 1002 succisi
854 950 1028 1004 exarescent.
1063 941 1130 1004 Non
1149 945 1200 1004 mi·
1242 941 1244 948 '
1285 1011 1288 1020 1

51 1041 129 1084 rum
155 1028 199 1104 est
223 1023 247 1080 si
272 1019 343 1080 haec
368 1019 528 1098 similitudo,
547 1019 711 1099 frequenter
735 1028 867 1104 occurrat
890 1025 920 1081 in
945 1021 1114 1104 seripturis,
1133 1024 1202 1104 qnia

52 1101 148 1162 valde
173 1103 305 1182 apposita
328 1105 380 1160 est
427 1097 562 1160 Videmus
589 1102 665 1160 eninr
688 1119 775 1180 quam
803 1101 962 1164 emarcidas
987 1105 1024 1162 sit
1048 1101 1201 1164 herbarum

50 1183 159 1260 uigor,
185 1182 236 1260 qui
259 1180 306 1240 vel
330 1179 415 1240 unico
442 1182 519 1238 venti
545 1181 621 1238 llalu
641 1180 788 1256 deiectus,
805 1181 852 1240 vel
876 1181 944 1240 solis
968 1187 1202 1258 aestu-exustus,

50 1259 310 1402 atttriti
329 1257 768 1400 qqqipqqueqqmrqquqa
782 1257 992 1400 qqmrqm
1011 1262 1200 1402 ΜΨ
1266 1337 1277 1344 ·

131 1365 133 1372 1
569 1361 607 1398 ex
728 1360 790 1400 su
853 1360 969 1400 omeno
1007 1363 1026 1400 x
1076 1359 1133 1401 an.

139 1361 171 1486 ἕ.
191 1427 290 1501 Spera
311 1427 345 1480 ia
371 1422 501 1494 ierom„
532 1417 593 1480 Iam
617 1419 654 1478 ad
678 1381 836 1480 secuhdmn
859 1359 1200 1496 memhruhradeescendit,

51 1498 204 1575 fidelibus,
223 1500 291 1580 quia
310 1497 363 1558 suh
374 1495 430 1560 Dei
440 1498 528 1558 tutela
538 1505 615 1574 sunt,
634 1497 745 1562 beneet
758 1499 878 1574 feliciter
888 1519 1073 1562 cessuraesse
1092 1501 1198 1562 omnia.

53 1579 202 1642 Ceterum
221 1581 288 1659 quia
307 1577 379 1638 nihil
397 1577 499 1638 melius
518 1579 565 1640 vel
585 1577 736 1659 optabilius
760 1586 804 1640 est
823 1599 910 1660 quam
930 1580 1022 1640 foveri
1040 1577 1097 1643 Dei
1117 1599 1199 1660 prae-

52 1660 141 1730 sidio,
160 1659 200 1718 ad
218 1658 368 1720 locandam
387 1659 417 1718 in
436 1679 472 1718 eo
486 1657 630 1732 fiduciam,
648 1666 678 1720 et
697 1657 783 1718 simul
802 1659 839 1720 ad
858 1659 1006 1720 colendam
1025 1659 1198 1740 probitatem

50 1739 201 1812 hortatur.
241 1735 304 1798 Neo
320 1757 389 1798 vero
408 1745 514 1798 lemene
534 1757 551 1796 a
570 1737 637 1798 fidei
656 1738 785 1798 doctrina
803 1739 915 1818 incipit:
941 1740 1008 1828 quia
1033 1739 1104 1800 nibil
1124 1738 1198 1800 diifi·
1285 1727 1289 1752 ¹

51 1821 140 1880 cilius
159 1837 250 1899 quam
269 1817 407 1892 homiues,
427 1818 496 1877 dum
517 1820 748 1896 circumaguntur
766 1819 796 1877 in
815 1818 933 1893 mundo,
958 1837 1073 1878 manere
1092 1817 1197 1880 sedatis
1309 1881 1315 1894 ,

52 1907 87 1959 et
113 1918 178 1966 cum
220 1899 287 1960 sitis,
305 1895 416 1972 animis,
442 1917 495 1956 nee
524 1897 581 1957 ulla
609 1895 824 1978 perturbatione
848 1896 1005 1977 quatelieri.
1043 1897 1104 1958 lam
1128 1899 1197 1978 qnia

53 1977 158 2038 vident
177 1975 324 2058 improbos
344 1971 479 2046 ditescere
497 1978 580 2036 malis
599 1975 717 2050 artibus,
737 1969 871 2052 creseere,
890 1974 920 2036 et
933 1979 1088 2057 potentiam
1099 1977 1196 2056 acqui·

51 2069 121 2118 rere
139 2057 278 2138 peccandi
302 2057 428 2116 licentiat
452 2075 512 2116 non
536 2057 630 2116 minus
656 2055 772 2116 dillicile
802 2060 847 2118 'est
871 2057 901 2116 iu
926 2057 1021 2116 studio
1045 2056 1195 2138 probitatis

52 2143 223 2196 constanter
241 2144 325 2196 stare.
365 2133 448 2197 Adde
468 2135 546 2216 quod
565 2155 623 2195 non
638 2136 705 2195 satis
725 2143 770 2195 ert
788 2135 929 2216 negligere
949 2155 1022 2215 quae
1041 2137 1129 2197 niurio
1150 2153 1195 2196 ar

50 2217 124 2279 dore
144 2215 236 2296 vulgo
251 2216 350 2300 colent
367 2216 472 2296 expeti.
513 2213 587 2274 Nam
612 2233 646 2276 ea
667 2216 786 2296 praediti
804 2217 921 2276 inerunt
940 2217 1027 2276 animi
1045 2215 1195 2276 altitudine

49 2297 173 2376 quidam
192 2316 232 2356 ex
251 2294 442 2376 Philosophia
462 2301 495 2354 ut
514 2315 584 2376 opes
604 2302 819 2356 contemnerent
831 2296 935 2355 iniuste
953 2302 1061 2375 partas,
1079 2314 1099 2356 a
1117 2295 1192 2373 irau-

49 2377 137 2472 dihqs
162 2381 195 2435 et
218 2377 327 2456 rapinis
351 2377 537 2441 abstinerentr
563 2375 743 2454 quinetiam
767 2393 866 2436 severe
890 2375 1067 2456 exagitarent
1085 2393 1193 2470 vanum

48 2455 418 2596 tilittlltltt
438 2451 1192 2604 tantillitatissibilavit:

47 2615 184 2674 felicitas.
224 2613 307 2676 Sicut
325 2621 421 2674 autem
440 2632 458 2674 a
476 2613 534 2674 fide
556 2611 623 2674 facit
642 2613 794 2675 exordium
817 2620 851 2673 ut
869 2611 966 2674 Deum
990 2614 1121 2674 ostendat
1140 2611 1191 2674 bo·

47 2713 158 2756 norum
179 2694 308 2776 pmnium
327 2713 388 2754 esse
408 2699 561 2768 auctorem,
580 2711 634 2754 nec
652 2693 808 2774 sperandus
827 2713 889 2754 esse
907 2712 1060 2773 prosperos
1079 2711 1189 2754 succes·

48 2794 100 2834 rus
125 2773 183 2834 nisi
207 2773 243 2834 ab
268 2773 351 2834 unica
371 2773 431 2834 eius
456 2773 663 2832 benedictione:
687 2773 728 2834 ita
751 2771 877 2836 notanda
896 2779 940 2832 est
957 2771 1107 2852 probitatis
1127 2771 1190 2831 eius

48 2854 228 2926 commotio,
248 2854 316 2932 quia
333 2860 413 2916 recte
431 2859 462 2912 et
480 2853 694 2928 innoxiev'rvet,
713 2872 747 2912 ac
756 2851 956 2912 beneticentiae
966 2850 1091 2913 studebit
1111 2850 1188 2931 quis

46 2937 116 3014 quis
135 2933 194 2992 Dei
213 2933 280 2992 lidei
299 2952 331 2992 ae
349 2933 517 3002 committet.
544 2933 684 2992 Inbadtta
702 2941 822 2992 terram.
862 2929 1075 3010 significantius
1094 2929 1188 3010 loqui·

47 3022 97 3074 tur
121 3031 211 3094 quam
235 3013 260 3072 si
284 3014 462 3092 promitteret
484 3013 575 3072 iustos
599 3018 663 3071 tuto
687 3010 862 3070 habitaturos
881 3011 912 3069 in
930 3016 1016 3082 terra,
1035 3028 1103 3069 nam
1121 3027 1187 3089 per·

47 3094 116 3154 inde
136 3099 182 3154 est
201 3094 259 3152 acsi
278 3111 329 3152 eos
348 3095 378 3152 in
397 3109 458 3154 rem
472 3097 652 3172 praesentem
660 3091 813 3164 adducens,
832 3090 862 3149 in
871 3090 1050 3170 possessione
1069 3087 1186 3148 locaret.

49 3174 188 3234 Ceterum
208 3171 253 3230 his
271 3171 365 3234 verbis
385 3171 549 3232 diuturnum
568 3170 629 3230 lore
648 3171 763 3232 illorum
788 3175 895 3228 statum
913 3168 1093 3250 pronuntiat:
1118 3167 1187 3247 quia

49 3255 104 3314 elsi
122 3252 252 3332 hospites
271 3258 302 3312 et
318 3251 449 3331 inquilini
468 3251 584 3312 suntin
602 3251 726 3324 mundo,
745 3247 888 3310 Dominus
911 3255 1006 3308 tamen
1025 3265 1078 3308 sua
1097 3266 1186 3308 manu

48 3354 100 3407 eos
122 3335 262 3412 protegit,
285 3338 317 3392 ut
341 3349 440 3391 secure
465 3331 626 3409 quiescant,
652 3330 731 3409 quod
755 3348 854 3390 rursus
879 3327 1029 3388 confirmat
1052 3328 1186 3408 proxima
1278 3373 1282 3382 .

48 3411 200 3494 particule,
219 3414 347 3472 Parcere
357 3412 499 3490 fideliter.
538 3407 612 3470 Nam
633 3407 689 3470 Ilei
708 3409 836 3470 custodia
859 3407 957 3482 fretus,
987 3407 1047 3466 sine
1067 3425 1136 3467 eura
1155 3411 1186 3466 et

50 3494 193 3552 anxiehte
214 3493 359 3570 quiescere
376 3492 455 3570 ipsos
473 3487 561 3550 iubet.
601 3487 706 3550 blisum
727 3487 868 3567 estquod
888 3493 945 3548 tam
966 3487 1052 3546 variis
1072 3485 1184 3568 exposi-

50 3572 177 3640 tionibus
195 3569 273 3630 huuc
291 3570 388 3630 locum
406 3574 558 3650 torqueant
576 3569 744 3650 interpretes
764 3587 798 3628 ae
816 3567 949 3629 lacerent
990 3564 1116 3644 Quidam
1130 3563 1185 3626 Pa·
1265 3629 1276 3638 ,

50 3651 146 3712 scendi
165 3651 286 3710 verbum
305 3651 397 3710 active
416 3650 570 3729 accipiunt:
593 3656 624 3710 et
647 3650 708 3708 aliis
732 3649 848 3728 quidem
867 3645 966 3706 Fidem
985 3665 1103 3726 pascere
1121 3652 1184 3706 tan·

51 3731 170 3794 tundam
188 3731 275 3803 valet,
294 3736 381 3810 alque
399 3727 485 3790 Alere
508 3729 539 3788 in
562 3727 694 3788 cordibus
712 3725 770 3788 Dei
794 3727 1005 3806 promissiones.
1040 3725 1117 3796 vAliis
1142 3725 1212 3786 vi„

51 3811 132 3870 detur
151 3807 249 3870 David
266 3809 430 3890 praecipere
449 3815 482 3868 ut
500 3807 557 3868 lide
577 3826 725 3889 pascamus
744 3807 844 3866 fratres
864 3812 988 3880 nostros,
1006 3825 1111 3887 purum
1125 3801 1184 3867 Dei

51 3889 169 3950 verbum
191 3909 250 3975 qno
270 3889 452 3970 spiritualiter
476 3887 591 3948 aluntur
615 3889 735 3962 animae,
759 3887 814 3946 illis
833 3885 1032 3952 ministrantes.
1072 3883 1130 3948 Alii
1149 3881 1182 3942 ii·
1223 3905 1225 3914 ’

51 3969 114 4030 dem
133 3971 278 4048 accipiunt
298 3988 352 4050 pro
370 3969 537 4042 sinceritate,
562 3973 595 4026 ut
616 3965 703 4027 iidem
729 3985 844 4048 pascere
867 3967 904 4026 sit
928 3967 1066 4026 veraciter
1084 3982 1115 4024 se
1134 3981 1182 4042 ge·

48 4067 110 4108 rere
127 4049 206 4110 inter
223 4047 363 4108 homines.
402 4047 461 4106 Sed
470 4066 587 4128 prorsus
606 4047 696 4126 exigit
705 4045 761 4106 loci
770 4047 989 4120 circumtantia,
1009 4043 1183 4124 quodetiam

48 4130 155 4208 patitur
173 4125 331 4188 llehraicae
348 4128 462 4210 linguae
471 4127 637 4208 proprietas,
657 4133 691 4188 ut
710 4129 790 4195 ntt't
809 4125 920 4206 passive
939 4131 1077 4186 sumatur.
1117 4119 1194 4182 lluc'
1243 4151 1247 4156 ·
1310 4127 1312 4134 “

48 4211 131 4268 etiam
150 4207 274 4271 inclinat
288 4207 380 4268 maior
398 4225 465 4288 pars
484 4210 679 4286 interpretum,
699 4207 853 4285 quitameu
864 4209 971 4286 postea
989 4204 1063 4262 inter
1076 4220 1107 4262 se
1126 4201 1181 4260 die·

49 4289 147 4348 rident.
187 4285 368 4364 Quibusdam
387 4287 576 4368 enimpplrmt
594 4305 648 4346 nos
667 4285 745 4366 pasci
764 4283 938 4377 fidenquum
949 4279 1096 4342 nobisDei
1114 4301 1180 4362 pro·

48 4369 194 4430 missiones
213 4365 362 4430 sufficiunt
381 4373 411 4428 et
430 4367 511 4450 quasi
529 4365 585 4426 illis
605 4367 749 4428 satiamur.
788 4363 846 4426 stu
864 4368 1024 4442 exponunt,
1043 4360 1132 4448 Pasce
1152 4366 1181 4420 te
