2804 4890
424 289 653 332 rmrssun
689 249 794 340 ixxrr,
833 314 845 331 ,
1136 291 1190 350 237
1267 279 1276 288 “

60 416 248 478 munem
268 419 448 495 peccatorum
468 413 596 496 pluribus
616 411 710 476 verbis
728 395 878 474 confirmat
896 419 926 474 et
941 415 1040 492 sancit.
1064 411 1125 476 lam
1139 435 1195 482 ex.

60 496 175 578 pendm
199 496 335 554 convenit
359 495 428 574 qnid
447 494 719 575 valeant-loquendi
739 494 856 554 formae.
894 493 984 554 Certe
1003 496 1131 554 remissio
1152 497 1191 557 de

61 595 112 657 qua
126 575 172 634 bic
182 576 289 653 agitor,
307 591 373 632 cunr
388 573 624 634 satisfactionibus
638 593 697 635 non
712 577 853 633 convenit
874 571 956 634 Deus
970 574 1045 634 enim
1056 575 1190 654 levando,

60 663 105 714 aut
122 653 260 723 tollendo,
280 653 381 712 deinde
399 650 521 732 tegendo
539 659 570 713 ct
588 673 648 714 non
666 653 834 732 imputando
854 659 971 733 peecata
992 656 1077 732 gratis
1092 657 1187 733 ignes·
1314 647 1318 660 '

61 737 102 795 cit.
121 731 219 812 Quare
229 731 362 812 Papistae
379 732 583 792 satisfactiones
597 751 673 806 suas,
692 739 722 792 et
737 734 992 812 supererogationis
1014 734 1187 816 (uicerant)

61 834 138 895 opera
156 811 330 893 ingerendo,
341 810 513 907 beatitudine
531 815 586 907 ista
605 831 635 872 sc
653 813 776 908 privant
794 811 876 872 Adde
896 811 1079 908 quodllavid
1100 814 1187 875 verba

60 890 1187 1051 li?:lattitulat‚attllzdtt”tcltstzlttltttrttt

61 1055 136 1112 dunt
179 1048 267 1110 Nunc
284 1051 576 1118 tandemvidendnm
599 1057 643 1110 est
662 1049 698 1110 nd
718 1068 792 1130 quos
810 1050 949 1131 maneat
967 1047 1039 1110 bace
1059 1053 1186 1127 felicitas,
1258 1047 1273 1082 '²

62 1131 129 1212 qnod
147 1149 183 1189 ex
201 1131 415 1190 circumstantia
434 1132 570 1210 temporis
589 1129 724 1210 colligere
742 1136 908 1210 promptum
927 1137 981 1190 est.
1010 1126 1084 1190 Nam
1096 1151 1188 1268 qnam

63 1213 120 1271 dicit
138 1209 241 1284 David,
262 1227 295 1268 se
314 1211 397 1270 unica
417 1207 473 1270 Dei
492 1210 683 1270 misericordia
703 1209 820 1270 beatm
837 1227 909 1283 esse,
928 1229 988 1268 non
1007 1216 1066 1269 erat
1087 1231 1102 1269 a
1133 1210 1187 1270 Ec·
1279 1279 1281 1284 ¹

63 1291 135 1352 etesia
157 1290 279 1348 ebenus:
310 1289 368 1348 imo
395 1307 462 1369 prae
486 1290 548 1352 ultis
572 1290 669 1359 multis
695 1288 854 1369 profecerat
878 1291 908 1348 in
927 1289 1030 1350 timore
1050 1289 1187 1369 cultuque

63 1371 117 1443 Dei,
135 1377 163 1428 et
180 1371 256 1428 vitae
276 1371 433 1440 sanctitate,
451 1389 540 1449 seque
556 1374 726 1434 ¹exercuerat
745 1367 926 1428 innmnibns
946 1369 1058 1448 pietatis
1074 1369 1185 1431 offulis.

64 1447 122 1510 Post
139 1449 207 1508 istos
226 1465 398 1528 progressus
418 1451 457 1508 ila
477 1467 542 1508 eunt
564 1449 691 1510 exercuit
709 1446 806 1522 Dans,
828 1454 862 1508 nt
902 1467 997 1508 ruram
1017 1455 1046 1508 et
1065 1450 1186 1530 puppim

67 1530 149 1590 salutis
166 1547 235 1586 snae
253 1529 286 1586 in
307 1527 428 1607 gratuita
452 1547 519 1588 cnm
539 1525 605 1588 Deo
628 1529 857 1588 reconciliatione
880 1467 1007 1590 br'raret.¹
1035 1526 1097 1588 Nec
1117 1548 1187 1594 veno

67 1609 156 1667 trustra
174 1605 329 1680 Zacharias
347 1609 377 1666 in
398 1626 451 1666 sno
472 1607 601 1680 Cantica,
619 1605 691 1666 an.
712 1612 740 1680 1,
759 1608 809 1669 77.
828 1607 903 1668 lranc
921 1606 1020 1678 salutis
1040 1608 1187 1670 scientiam

67 1693 147 1760 rorat,
163 1693 260 1746 tencre
281 1685 476 1746 remissionem
497 1694 689 1767 peccatorum.
737 1683 814 1768 Ergo
840 1693 873 1746 ut
897 1685 1018 1766 quisque
1038 1689 1187 1748 sanctitate

67 1768 173 1826 maxine
189 1765 322 1840 excellit,
347 1785 377 1825 se
401 1785 419 1824 a
442 1766 571 1826 institiuc'¹
589 1767 763 1848 perfectione
787 1764 882 1824 adbuc
902 1765 986 1845 louge
1005 1763 1103 1828 abesse
1123 1787 1186 1826 scn-

68 1849 119 1916 liet,
135 1865 167 1904 ns
184 1843 249 1904 alibi
271 1845 399 1904 confidat
418 1865 505 1924 qnam
524 1847 556 1922 in
574 1864 652 1904 mera
671 1845 728 1906 Dei
746 1845 947 1906 misericordia.
998 1842 1080 1904 Unde
1099 1838 1186 1926 appass

70 1933 108 1984 rut
122 1926 193 1984 ninia
211 1943 311 1984 masse
330 1926 502 1984 balluciuarc
527 1923 577 2005 qni
602 1927 632 1984 in
655 1931 840 2006 peccaturum
863 1919 1029 1984 remissione
1052 1925 1186 1986 nonnisi

70 2006 164 2064 initium
176 2005 303 2066 institiae
321 2023 382 2064 csse
402 2011 512 2084 putant.
558 2002 632 2064 Nona
652 2025 742 2084 quum
761 2023 792 2063 se
813 2005 940 2084 quotidie
958 2003 1056 2062 multis
1075 2003 1186 2070 debetis

70 2083 221 2166 obstringant
248 2083 366 2157 fideles,
400 2084 470 2144 nihil
500 2085 625 2166 proderit
653 2086 730 2144 utam
761 2085 849 2144 semel
877 2084 995 2164 adeptos
1025 2103 1101 2156 esse,
1131 2083 1186 2144 nisi

70 2165 149 2222 radun
166 2184 212 2224 eus
231 2165 326 2245 gratia
346 2183 437 2244 usquc
456 2165 492 2224 nd
514 2164 642 2224 ultimam
666 2165 743 2224 vitae
766 2171 872 2222 metam
897 2170 1095 2243 prosequatur.
1139 2162 1185 2222 Si-

70 2245 120 2322 quis
136 2243 249 2317 obiiciat,
272 2243 372 2302 beatos
390 2243 456 2302 alibi
477 2246 574 2303 vocari
593 2244 643 2323 qui
661 2245 763 2304 linunt
780 2241 948 2316 Dominum,
968 2243 1017 2322 qni
1037 2241 1186 2316 ambulant

70 2324 153 2384 iuriis
170 2325 242 2398 uns,
268 2325 320 2402 qui
339 2325 526 2402 integrisnnt
551 2325 652 2396 corate,
676 2329 729 2383 etc
754 2321 843 2384 facilis
868 2323 1015 2402 responsio
1035 2327 1095 2382 cst:¹
1116 2324 1185 2402 quia

70 2403 151 2462 nullibi
166 2405 323 2486 reperietur
342 2409 484 2482 perlectus
505 2401 560 2462 llei
578 2405 673 2477 timor,
692 2399 776 2482 ch‘u
796 2401 965 2476 obseruatio,
985 2408 1015 2462 st
1029 2400 1122 2462 cordis
1142 2400 1187 2462 in·'

71 2485 177 2559 tegritas,
200 2483 340 2564 quicquid
365 2482 469 2562 ubique
488 2482 635 2562 Scriptura
661 2483 698 2541 de
723 2481 894 2542 beatitudine
913 2481 1071 2563 praedicat,
1096 2500 1185 2562 quam

73 2561 222 2640 ingratuito
241 2562 302 2622 Dei
321 2562 420 2621 favore
439 2582 498 2642 qno
517 2583 571 2621 nus
589 2561 642 2621 sibi
661 2561 834 2636 reconciliat,
853 2581 915 2622 esee
934 2561 1095 2622 fundatum.

134 2645 158 2702 2.
175 2645 215 2702 Io
232 2651 321 2704 cuius
339 2649 450 2722 spiritu
468 2665 529 2702 noo
548 2651 590 2702 est
609 2643 704 2702 doto.
753 2639 817 2701 Han
840 2641 979 2721 particula
1004 2639 1103 2700 fideles
1128 2640 1184 2702 dis·

73 2723 145 2780 remit
164 2728 218 2784 tarn
243 2723 284 2782 ab
308 2721 466 2802 hypocritis
491 2741 577 2801 qnam
602 2741 619 2782 a
644 2719 765 2802 stupidis
790 2719 1034 2802 contemptoribus
1059 2739 1185 2800 quorum

73 2802 177 2880 utrisque
195 2821 246 2862 nec
271 2821 354 2862 curae
374 2809 417 2860 est
445 2802 499 2862 ista
528 2803 660 2875 felicitas,
685 2820 740 2862 nec
763 2801 824 2860 eius
870 2801 1003 2862 oliundaa
1022 2803 1096 2860 ratio
1117 2820 1185 2860 con·

28 2953 29 2960 ἵ
73 2883 132 2940 stare
148 2888 244 2962 polest.
288 2881 363 2944 ltue
381 2881 435 2940 sibi
455 2879 560 2942 conscii
580 2887 647 2940 sunt
665 2881 803 2956 scelerati,
821 2821 873 2942 sibi
888 2887 983 2940 lamen
1002 2879 1031 2940 io
1051 2889 1105 2939 auo
1125 2879 1185 2948 fue·

73 2963 123 3019 tore
143 2963 268 3040 placent:
297 2961 441 3021 abstinent
465 2980 496 3022 se
520 2962 556 3021 ad
576 2961 795 3042 impudentiam,
814 2963 906 3022 minas
926 2957 1048 3020 ludribio
1068 2958 1184 3034 babent,

74 3039 111 3096 rel
126 3043 215 3102 saltem
233 3041 384 3102 fallacibus
404 3041 545 3102 blanditiis
563 3061 596 3102 se
614 3041 775 3116 involvunt,
795 3060 832 3100 os
851 3046 990 3122 cogantur
1002 3039 1034 3100 in
1047 3037 1103 3098 Dei
1117 3058 1184 3111 cnu-

75 3127 181 3196 sporum
199 3122 324 3204 prodire,
341 3141 415 3203 ergo
433 3124 564 3204 quamvis
583 3129 703 3182 urantur·
721 3121 849 3180 miseriae
868 3127 937 3182 suae
951 3137 1045 3191 sensu,
1064 3118 1184 3180 vetrae·

74 3199 105 3254 aia
123 3205 262 3262 summm
287 3211 438 3278 versemur,
467 3221 601 3284 perversa
625 3209 723 3262 tamen
750 3200 895 3261 oblivione
918 3206 1036 3260 melum
1070 3203 1186 3263 ornnem

75 3272 119 3336 lici
137 3282 280 3350 suffocant.
319 3281 503 3363 Hypocritae,
525 3283 667 3362 siquando
687 3301 737 3340 eos
755 3280 869 3341 mordet
888 3279 1070 3353 conscicntia,
1094 3279 1183 3338 inani·

76 3353 116 3416 bos
132 3359 283 3439 pharmacis
302 3361 413 3422 leniunt
432 3363 575 3426 dolorem:
594 3365 620 3422 si
638 3382 689 3424 ens
702 3359 783 3422 Deus
803 3359 983 3421 nd-tribunal
1002 3379 1086 3418 suum
1107 3360 1185 3432 citat,

76 3428 152 3497 lanas
170 3444 263 3502 rucio
287 3461 359 3522 quas
384 3463 437 3524 pro
462 3442 624 3503 defensione
648 3448 814 3524 opponunt:
843 3459 898 3500 neo
922 3457 1049 3518 unquam
1073 3440 1184 3516 integu-

66 3520 158 3578 -nentis
175 3529 277 3596 carent,
296 3523 399 3602 quibus
417 3523 514 3584 lucern
531 3543 550 3584 c
569 3521 701 3582 cordibus
721 3523 780 3582 suis
799 3527 923 3580 arerem.
942 3518 1004 3578 llus
1018 3537 1117 3580 omnes
1132 3521 1185 3578 im·

78 3595 139 3670 adit
153 3600 265 3663 interim
294 3603 386 3678 dolus,
415 3621 453 3664 ne
471 3603 636 3664 felicitatem
655 3602 843 3682 quaerentia
863 3607 982 3680 paterno
1000 3596 1057 3658 Dei
1077 3615 1184 3658 amore.

79 3670 240 3750 tumerem
265 3681 348 3742 multi
367 3701 468 3743 eornm
491 3683 539 3744 vel
564 3683 743 3764 proterviunt
767 3699 864 3740 curam
889 3677 969 3754 Deo,
992 3678 1039 3738 vel
1063 3675 1185 3758 superba

78 3753 222 3821 eunbdmtia
352 3771 377 3835 t,
407 3770 439 3824 ut
468 3782 500 3824 sa
527 3763 627 3824 beaten
647 3763 789 3822 soutnient
808 3761 939 3839 quamtis
964 3757 1085 3818 adverso
1109 3755 1183 3816 Deo.

78 3827 201 3910 &nificat
216 3859 283 3922 ergo
313 3843 314 3846 ’
345 3841 403 3916 vid,
422 3843 563 3904 nenrinern
581 3849 648 3905 aute
667 3847 781 3923 gustare
800 3839 869 3918 quid
888 3839 982 3899 valeat
1021 3843 1185 3900 casatorum

78 3917 196 4001 {amusim
219 3941 303 4000 quarn
328 3943 366 3982 ex
390 3925 451 3982 cius
473 3923 560 3984 corde
578 3921 720 3984 abstersus
746 3922 832 3980 luerit
855 3917 948 3979 dulus.
997 3859 1090 3979 barro
1113 3915 1185 3996 quid

79 3994 258 4080 utellgrrper
275 4002 332 4063 troc
350 4021 463 4077 nomen,
483 4022 521 4063 ex
540 4003 585 4062 bis
604 4021 679 4082 quac
698 4003 757 4060 dixi
777 3999 910 4078 colligere
929 3995 1003 4058 licet.
1045 3995 1184 4074 Quisquis

80 4085 133 4150 ergo
148 4095 177 4136 ss
192 4099 248 4141 nan
266 4085 409 4142 examinat
433 4101 530 4144 curam
550 4083 629 4157 Deo,
654 4085 723 4163 quin
749 4083 846 4160 potins
871 4077 929 4140 Dei
951 4075 1086 4138 iudicium
1111 4075 1183 4153 lugi·

80 4152 137 4226 Μ’»
152 4157 355 4224 valseabditin
375 4161 514 4236 tenebras,
533 4164 579 4224 vel
598 4163 673 4223 loliis
694 4162 814 4241 obtegit:
835 4179 931 4220 secum
951 4157 1049 4217 dolose
1069 4156 1135 4233 agit,
1155 4159 1184 4214 et
1264 4196 1267 4215 .

82 4243 133 4291 ⁰⁰1⁰
147 4236 203 4315 ipso
221 4238 292 4302 Dea.
332 4241 375 4302 lta
394 4261 453 4302 non
471 4245 576 4304 mirum
594 4249 647 4317 eet,
667 4241 691 4301 si
710 4244 819 4302 mdnm
837 4260 896 4302 non
917 4237 1049 4308 sentiens,
1069 4233 1183 4294 medicl-

81 4323 133 4399 Ψ
152 4322 260 4398 respuit.
307 4321 400 4382 liniue
425 4319 483 4383 doli
506 4321 648 4384 notandae
667 4329 735 4382 sunl
754 4321 827 4382 dnae
845 4319 911 4379 illas
931 4331 1002 4398 quas
1021 4315 1102 4394 attigi
1120 4332 1184 4394 spe·

81 4401 133 4450 Μ
174 4393 340 4484 Quaqusm
358 4409 455 4464 autern
474 4423 532 4464 nou
550 4405 591 4464 itu
612 4401 808 4464 obduruerant
826 4399 923 4476 multi,
943 4397 1013 4478 quin
1032 4399 1192 4476 tangantur·

872 4581 878 4597 t

1275 4387 1278 4399 a
