2818 4886
474 289 539 369 ,ιιι
567 290 724 332 reseas.
751 289 803 332 xv.
1183 289 1219 348 91

79 411 119 474 tia
136 411 365 492 bqataameuds
384 411 542 476 dalormsn
561 431 690 488 maere,
713 421 752 474 de
770 413 835 494 quis
853 413 890 475 ad
909 411 966 476 boo
983 411 1148 478 mistam
1166 369 1219 477 im·

79 494 197 574 pingat,
218 493 371 554 discrimen
390 496 508 574 ponitur
526 495 600 555 inter
616 500 770 574 perpetuos
790 489 933 556 donans
953 495 1038 568 cives,
1057 501 1088 556 et
1105 495 1218 576 inquill·

82 592 137 634 noe
161 573 215 652 qni
240 573 277 634 ad
301 579 418 654 tempus
437 580 504 634 sant
521 574 576 634 illis
677 573 731 632 ‘sti
769 571 858 634 Valde
877 576 1033 634 necessaria
1053 574 1219 651 admonitio,

81 671 130 726 ne,
147 653 173 714 ai
191 650 251 714 Dei
267 653 412 732 ternplum
430 654 526 716 multia
545 671 559 716 s
612 653 675 715 ibus
693 651 831 714 iniectum
849 653 894 728 ait,
914 654 1058 716 fastidium
1074 661 1105 716 et
1124 674 1219 716 muro·
1248 673 1252 686 ¹
1321 716 1327 731 ,

83 731 152 791 sitas
174 751 230 792 nos
255 731 293 791 ad
313 731 500 792 deiectionem
520 733 557 792 im
582 731 674 802 ,nane
704 729 811 792 Sordes
830 731 918 793 intelli
939 753 971 808 o,
995 733 1071 793 vitae
1089 735 1219 815 impurae

82 817 113 872 cl
131 817 287 890 corruptae
305 813 382 872 vitia.
412 809 485 872 Nam
503 828 553 872 mo
574 831 592 871 o
611 810 683 892 puri
702 811 800 894 religio
821 831 879 892 qno
900 755 937 872 ις
956 812 1114 874 doctrinam
1133 819 1164 874 ei
1181 814 1219 873 ri·

81 895 129 950 tus
148 891 254 986 vipnt,
274 889 423 950 hominum
443 891 553 952 delictis
571 911 630 952 non
650 892 690 950 ita
702 911 756 950 nos
771 891 875 954 offendi
891 893 1038 966 convenit,
1058 897 1090 952 nt
1105 899 1219 973 propic-

79 987 130 1028 rea
148 971 315 1031 scandamus
334 973 481 1032 nnibtem.
506 971 596 1051 Atqui
615 971 744 1030 omnium
762 975 924 1054 temporum
943 971 1116 1052 experientis
1135 971 1220 1032 docet

79 1065 169 1128 qnam
190 1053 288 1129 gravis
307 1051 346 1110 sit
363 1052 416 1110 ista
434 1052 564 1124 tentatio,
582 1048 738 1110 Ecclesiam
757 1049 822 1125 Dei,
842 1067 917 1132 qnae
935 1051 1068 1114 abstersis
1086 1051 1220 1112 omnibus

79 1129 202 1188 mamlis
224 1149 297 1210 pura
315 1129 557 1204 nitere'debebat,
576 1129 683 1190 multos
702 1131 741 1190 im
762 1131 804 1189 ios
823 1130 989 1214 hypocritas
1003 1130 1051 1192 vel
1066 1131 1221 1191 sceleratos

81 1207 216 1268 domines
229 1209 504 1270 insinnsnolorere
513 1205 593 1270 llaec
602 1210 671 1269 olim
682 1151 822 1285 Catbbris,
832 1209 995 1282 Novatianis
1005 1217 1035 1270 et
1044 1208 1220 1271 Donastistla

81 1288 263 1349 initoccasio
288 1295 322 1349 nt
340 1305 357 1349 a
377 1291 511 1350 societate
520 1291 635 1386 piorum
645 1289 839 1351 desciscerent.
851 1287 888 1350 Et
900 1290 1000 1351 eadem
1011 1289 1095 1350 bodie
1104 1289 1218 1353 dissidia
1336 1333 1342 1358 ι

84 1375 225 1428 mearant
243 1367 463 1449 Anabaptlslaer
483 1387 550 1450 quta
569 1387 628 1429 non
668 1375 750 1429 uiant
769 1387 866 1430 veram
884 1387 946 1430 esse
960 1360 1124 1444 Ecclulam,
1144 1387 1220 1449 quae

84 1447 150 1506 vitia
167 1449 285 1510 tolerat.
304 1447 414 1510 Verum
432 1467 492 1510 nnn
509 1449 613 1510 bostra
658 1447 763 1510 hristus
782 1447 883 1510 Mattb.
903 1451 952 1524 25,
972 1453 1020 1512 32.
1041 1448 1094 1509 sibi
1113 1465 1220 1508 munos

87 1527 209 1588 masat
233 1529 401 1612 mgvcgand
421 1547 513 1610 agnos
542 1528 578 1588 ab
602 1527 716 1589 hoedis:
742 1529 811 1609 quin
836 1531 930 1609 potius
950 1529 1084 1590 admonet
1102 1528 1221 1589 terenda

86 1625 144 1668 esse
163 1607 241 1668 mals
262 1625 336 1690 qnae
356 1625 391 1668 co
421 1610 428 1625 '
449 1625 496 1670 ere
515 1625 574 1670 nou
593 1608 672 1683 licet,
691 1608 783 1670 donec
802 1615 945 1669 maturum
965 1609 1097 1670 adveniat
1116 1624 1220 1692 pnrga-¹

83 1688 168 1746 tionis
191 1693 315 1770 ternpus.
345 1629 448 1748 Simu?
463 1695 558 1749 tamen
583 1688 717 1749 iubentur
740 1687 853 1764 fideles,
875 1709 929 1772 pro
952 1707 984 1748 se
1007 1689 1128 1768 quisque
1151 1687 1221 1747 dare

83 1785 218 1848 operum,
242 1773 275 1828 nt
294 1787 312 1828 a
331 1769 499 1850 corruptelis
518 1775 657 1849 purgetur
676 1767 731 1828 Dei
751 1767 886 1828 Ecclesia.
933 1766 1031 1848 Atque
1051 1765 1098 1826 lale
1116 1767 1221 1826 tertim

82 1845 1078 2008 anastasianam-123incarnari:
1086 1845 1221 1986 {iffi

85 2005 169 2064 foras
196 1991 302 2088 paleam
327 2009 434 2068 eiiciet:
458 2007 517 2068 hoc
539 2013 637 2067 tamen
661 1967 856 2068 tacem’nnue
879 2005 979 2087 incipit
1002 1993 1149 2086 Evangelii
1175 2004 1220 2064 sni

83 2083 231 2161 doctrina,
256 2103 344 2168 qnam
369 2089 434 2147 ideo
453 2086 644 2148 ventilabrum
663 2086 800 2146 nominat
850 2083 948 2164 Quare
969 2087 1085 2146 minime
1103 2091 1220 2166 torpen-

81 2163 153 2224 dum
174 2171 221 2226 est
238 2168 269 2226 in
289 2167 344 2226 hae
362 2173 456 2248 partes
477 2166 527 2226 sed
547 2168 650 2226 ccciccc
663 2165 759 2246 potins
779 2165 847 2226 eniti
866 2168 1000 2225 convenit
1019 2171 1053 2224 ut
1072 2183 1103 2224 se
1122 2165 1152 2224 iu
1173 2181 1220 2224 ca·

81 2247 924 2407 supitiilittei·t:ttttt,tit”ttstidt
939 2243 1219 2384 iltttffltt‘i

81 2403 246 2464 Sanctnarii
265 2347 420 2488 1ingressus
446 2413 476 2466 et
498 2405 664 2486 sacrilegam
686 2423 788 2464 eorum
812 2405 958 2464 audaciam
983 2403 1124 2476 damnari,
1149 2403 1219 2462 dnm

80 2484 142 2544 sinc
162 2486 224 2545 nlla
243 2487 403 2545 reverentia
422 2492 614 2566 prorumpunt
632 2486 663 2544 in
682 2491 796 2544 coetum
816 2487 939 2566 piorum.
958 2483 1147 2543 ‘tabernaculi
1160 2499 1219 2542 me·

79 2565 173 2637 minii,
193 2565 264 2646 qnia
283 2565 412 2624 noudum
425 2571 590 2626 extructum
604 2571 666 2626 erat
679 2565 827 2645 templum.
848 2563 968 2624 Summa
983 2569 1078 2624 tamen
1087 2569 1140 2638 est,
1159 2579 1220 2622 non

79 2651 182 2724 patere
207 2644 245 2703 ad
265 2643 362 2704 Deum
381 2659 523 2704 accessum
543 2646 596 2704 nisi
636 2645 694 2703 nris
713 2645 774 2704 eius
794 2643 959 2706 cultoiibns.

161 2727 192 2784 2.
215 2729 277 2798 Qut
296 2725 425 2784 umdsdut
443 2731 567 2808 integer.
607 2665 738 2784 tbotsuda
758 2731 801 2783 eet
814 2726 900 2783 tacita
915 2721 1061 2783 antithesis
1073 2720 1220 2780 interiun-

79 2821 146 2862 nem
167 2805 247 2864 tituli
264 2804 436 2878 iactantiam,
455 2805 501 2864 vel
520 2804 627 2863 nudam
646 2804 851 2883 professionem
892 2819 945 2861 uae
966 2801 1132 2860 ceremoniis
1151 2817 1220 2859 ann·

82 2889 157 2942 statr
184 2889 215 2942 et
235 2883 292 2942 hdo
311 2883 432 2943 solidum
452 2885 565 2964 pietatis
584 2885 794 2956 testimonium,
818 2825 896 2962 quob
916 2880 1096 2940 commendat
1114 2877 1219 2937 David.

82 2961 195 3041 Quaeri
215 2969 313 3022 tamen
332 2967 438 3044 posset,
457 2980 548 3102 qnam
571 2960 628 3022 Dei
648 2963 741 3021 cultus
761 2963 884 3020 caritatis
904 2959 997 3019 cilicia
1017 2957 1116 3018 ordine
1138 2975 1220 3038 prae-

81 3043 175 3116 cedat,
196 3061 251 3102 cnr
271 3043 319 3102 irio
338 3041 417 3102 nulla
435 3042 456 3102 fi
476 3044 503 3103 ei
523 3061 557 3102 ac
592 3043 767 3102 martiorum
784 3041 834 3100 liat
848 3039 966 3112 merdin,
985 3055 1051 3097 uam
1067 3042 1144 3096 certe
1157 3037 1221 3095 istis

83 3123 159 3182 notis
185 3121 307 3182 decebat
324 3121 464 3202 legitimos
484 3121 541 3182 Dei
581 3123 634 3182 lios
649 3121 685 3180 ab
700 3121 857 3202 hypocritis
873 3118 1015 3212 distinqui.
1035 3117 1067 3176 lb
1082 3121 1221 3197 promptu

83 3203 193 3262 cointio
218 3209 263 3262 esi
284 3201 371 3261 fidem
390 3200 447 3262 Dei
469 3204 693 3274 invocationem,
718 3201 874 3282 spiritualia
900 3197 1039 3258 sacrrdcia
1061 3197 1178 3256 minima
1202 3211 1221 3256 a

83 3279 211 3358 Damae,
223 3281 353 3342 ucludir
378 3281 428 3341 sed
454 3283 521 3362 quia
539 3281 637 3342 multis
656 3282 824 3340 commoniti
843 3279 1011 3360 hypocritae
1030 3297 1063 3338 se
1080 3283 1113 3336 ut
1132 3275 1221 3356 pluri·

82 3382 166 3434 mum
185 3360 340 3422 venditant
367 3359 509 3439 (qnorum
531 3369 629 3422 tamea
651 3359 978 3442 impietatem-coarguit
1002 3359 1062 3418 vita
1079 3357 1220 3430 exterior,

84 3441 155 3500 dam
174 3437 254 3522 pleni
272 3447 340 3500 snut
358 3439 448 3516 lado,
467 3439 648 3514 crudelitate,
666 3441 815 3510 violentia,¹
834 3439 980 3499 fraudibus
999 3437 1031 3497 el'
1048 3435 1155 3518 rapinis¹
1171 3435 1226 3514 de·¹

85 3521 157 3595 diti)
176 3525 213 3579 nt
230 3521 263 3580 in
280 3520 374 3580 lucem
393 3519 542 3582 trahantur
561 3521 728 3601 quicunqne
742 3519 814 3580 tales
833 3525 913 3592 snut,
937 3513 1023 3577 verae
1046 3521 1075 3575 et
1094 3517 1220 3576 sincerae

84 3599 153 3660 iidei
170 3599 368 3680 probationem
387 3603 447 3681 peti
465 3621 503 3662 ex
522 3600 646 3660 monada
665 3597 749 3682 Legis
768 3600 873 3659 tabula.
893 3596 968 3658 Nam
986 3604 1023 3658 nb
1081 3597 1088 3612 '
1125 3613 1161 3660 aa
1176 3595 1230 3659 iu·-

85 3680 194 3738 stitiam
213 3685 245 3740 et
263 3681 435 3759 aequitatem
460 3700 526 3740 cum
552 3681 690 3760 proximis
715 3680 773 3739 suis
798 3679 879 3749 colit,
903 3679 1020 3758 reipsa
1065 3681 1221 3735 emonstrat

84 3779 115 3819 ae
132 3757 232 3820 Deum
251 3761 360 3819 timere.
380 3758 447 3819 Non
462 3779 530 3842 ergo
544 3759 659 3841 politica
674 3761 779 3819 iustitia
793 3764 942 3818 contemne
955 3763 999 3817 est
1013 3745 1119 3829 David,
1138 3754 1220 3834 qnasi

85 3840 155 3900 sai‘m
170 3841 211 3898 sit
229 3838 393 3898 hominibus
411 3840 530 3899 reddere
549 3840 626 3920 qnod
646 3859 730 3899 suum
746 3845 798 3904 esi,
817 3837 914 3897 Deum
927 3855 998 3896 vcro
1014 3836 1144 3896 fraudare
1157 3837 1220 3894 inre

85 3937 140 3979 sno
158 3919 257 3979 liccat:
277 3918 329 3978 sed
347 3919 454 3998 probos
468 3919 524 3979 Dei
544 3921 667 3978 cultores
686 3919 814 3999 designat
833 3933 850 3978 a
869 3917 992 3977 institiae
1007 3915 1155 3987 fructibus.
1174 3915 1221 3975 Ao

85 4001 180 4078 primo
206 3997 322 4078 quidem
347 3999 412 4058 loco
436 3999 624 4059 sinceritatem
643 3999 761 4080 requirit
780 4003 814 4058 nt
832 3997 997 4080 simplicitet·
1014 3998 1044 4056 et
1063 3997 1124 4055 sine
1142 3995 1219 4054 malo

83 4083 149 4138 astu
166 4080 199 4139 in
218 4077 339 4159 negotiis
358 4085 520 4140 versentano
540 4077 640 4140 deinde
658 4079 803 4152 iustitiam,
822 4083 855 4138 ut
874 4078 1007 4138 studeant
1021 4075 1159 4158 proximis
1172 4073 1219 4132 be·

84 4159 231 4220 nefacere:
251 4161 393 4224 neminem
413 4160 540 4233 laedant,
560 4165 589 4220 et
608 4157 767 4219 abstineant
786 4159 822 4218 ab
842 4159 920 4218 omni
939 4175 1025 4217 noxa.
1055 4155 1166 4230 Tullo.
1186 4153 1219 4211 li·

85 4237 151 4298 dem
181 4240 212 4298 in
243 4239 302 4301 snis
316 4239 518 4312 sermonibus,
543 4238 650 4321 nequid
673 4237 811 4300 fallaciter
833 4238 882 4298 vel
905 4239 1031 4318 captiose
1054 4235 1219 4312 loquantur.

176 4323 242 4379 'tn
265 4319 366 4396 corde,
391 4319 464 4379 dura
526 4317 601 4378 'dem
625 4325 654 4378 et
671 4320 827 4414 impropria
846 4325 891 4379 est
908 4317 1053 4398 loquutio,
1076 4311 1126 4373 sed
1146 4331 1221 4394 quac

153 4417 189 4460 as
207 4399 345 4482 exprme
364 4339 624 4474 membranis,
643 4416 731 4481 quam
750 4417 776 4460 ιι
794 4399 922 4474 baboel,
939 4413 978 4458 ex
996 4394 1102 4458 corde:
1121 4393 1220 4459 rnen
