2804 4890
1144 49 1159 114 ¹l

410 247 416 258 ·
464 237 811 300 rarescanxxvi.
904 263 910 274 ·
1179 263 1231 320 197

78 373 168 454 qnod
189 381 338 472 sequutus
356 379 399 438 eet
417 373 508 438 Vetus
528 378 675 460 interpres.
701 363 846 462 seu'qnto
866 381 971 464 ubique
989 381 1049 446 fere
1067 405 1121 466 pro
1141 377 1230 448 domi·
1347 435 1351 442 .

75 453 149 514 cilio
173 461 307 536 eapitur,
331 455 409 536 quod
428 457 583 538 simplicius
603 465 677 534 erat,
702 459 823 522 retinere
843 461 939 522 malui.
979 462 1038 524 lum
1058 465 1136 545 quod
1156 465 1229 528 San·

73 535 234 596 ctuerium
254 534 356 596 domus
375 534 433 596 Dei
451 543 580 611 vocetur,
604 544 633 598 et
652 537 733 598 locus
753 541 887 603 domicilii
907 541 1014 623 gloriae
1033 545 1103 620 eius,
1123 535 1228 606 icimur

73 633 174 694 quam
196 615 365 696 frequenter
383 616 414 676 in
433 613 583 697 Scriptura
602 627 753 680 occurrant
773 619 856 680 buius
875 623 987 702 generis
1006 623 1171 698 locutiones,
1190 625 1228 686 ad

71 694 252 754 testandam
271 693 327 756 Dei
351 697 551 778 praesentiam:
577 717 642 758 non
661 699 739 778 quod
755 697 840 778 Deus
861 701 907 760 vel
927 701 957 760 in
976 704 1099 764 tentorio
1120 705 1227 766 babila·
1302 731 1307 748 ¹

68 781 132 914 :zi
157 775 1002 920 veteterraeaut”rt:suistitte
1016 784 1226 924 erute*
1297 783 1298 788 Ὗ

773 881 781 918 ι
848 881 856 918 r
906 882 919 918 r
1005 879 1068 920 cm
1119 882 1215 924 neren

67 953 111 994 ne
134 875 177 994 εξ
194 939 332 1014 putarent
355 933 461 994 frustra
485 953 551 994 eum
576 877 727 1014 querelem,
757 940 841 998 sicuti
865 939 922 998 iam
948 939 1015 1000 alibi
1035 941 1140 1002 dictum
1161 905 1226 1004 tuiti

67 1012 243 1086 Ceterum,
266 1021 300 1074 ut
323 1014 397 1074 inter
420 1033 472 1072 una
497 1012 605 1074 habitet
624 1015 680 1076 Dei
700 1017 804 1095 gloria,
829 1019 924 1078 vivum
945 1020 1005 1078 eius
1024 1021 1175 1100 imaginem
1195 1024 1225 1083 in

66 1091 182 1154 Verbo
209 1100 241 1153 et
260 1092 449 1153 sacramentis
474 1093 569 1153 lucere
595 1101 716 1174 oportet.
757 1095 839 1158 Unde
863 1099 1006 1178 sequitur,
1037 1120 1226 1182 quaeeunque

65 1179 242 1234 censentur
261 1172 367 1252 templo
386 1173 415 1231 in
437 1169 476 1230 Pa
498 1179 557 1247 atu,
583 1173 666 1234 iocda
686 1176 782 1256 potius
801 1195 863 1236 esse
883 1175 1006 1237 Satanae
1027 1179 1193 1258 prostibula.

163 1255 195 1316 9.
226 1253 277 1312 Ns
296 1255 429 1336 cotttgns.
471 1188 626 1332 Bostquam
648 1253 753 1314 desua
779 1247 940 1316 innocentia
966 1263 1086 1316 testatus
1112 1266 1167 1332 est,
1188 1253 1225 1319 rid

65 1332 282 1412 precationem
302 1333 389 1405 redit,
408 1329 504 1392 Deum
524 1331 665 1394 vindicem
684 1334 848 1415 implorans.
879 1335 975 1396 Videri
995 1337 1109 1418 quidem
1120 1340 1222 1419 *primu

67 1413 190 1471 intuitu
212 1419 310 1490 posset
334 1411 465 1481 absurdo,
498 1413 618 1488 necatio,
643 1433 680 1474 ne
699 1413 780 1474 Deus
800 1416 907 1475 iustum
927 1415 1027 1476 eodem
1048 1418 1136 1476 exitio
1157 1437 1223 1478 cnm

67 1491 232 1570 sceleratis
253 1491 393 1550 involvat:
413 1431 552 1552 sentiens
568 1513 622 1574 pro
642 1499 759 1574 paterna
779 1495 952 1578 indulgentia
972 1501 1030 1580 tam
1050 1495 1152 1556 liberae
1173 1501 1224 1557 err-⁴

68 1571 293 1652 postulationes
317 1571 375 1633 suis
400 1571 550 1654 permittit,
577 1580 610 1632 ut
633 1574 774 1653 precando
800 1593 866 1634 suus
886 1575 942 1656 ipsi
960 1577 1116 1636 anxietates
1136 1579 1222 1637 corri-

71 1657 161 1732 gant.
204 1649 301 1710 David
324 1652 400 1711 euim
425 1649 481 1711 hoc
505 1657 606 1711 'votum
631 1653 807 1733 concipiens,
836 1653 889 1712 sibi
914 1653 979 1714 a'nte
1003 1657 1101 1715 oeulos
1126 1658 1222 1737 posuit

69 1733 195 1790 iustum
214 1728 272 1790 Dei
291 1729 442 1804 iudicium,
465 1737 498 1791 nt
517 1726 707 1791 sollieitudine
727 1749 760 1792 ue
785 1740 864 1792 metu
888 1751 919 1792 se
943 1735 1091 1794 eximeret:
1117 1737 1221 1830 quiae
1309 1758 1311 1766 ·

70 1809 152 1870 Deo
172 1808 242 1868 nihil
261 1812 352 1890 magis
366 1810 488 1870 alienum
502 1811 548 1884 sit,
569 1829 655 1892 quam
669 1813 830 1891 promiscue
846 1811 938 1872 bonos
952 1813 1079 1893 reprobis
1094 1833 1219 1876 miscere.

72 1889 162 1950 Nam
186 1907 274 1968 quum
300 1893 384 1957 *08
408 1888 549 1950 Hebraeis
569 1909 645 1948 nunc
668 1891 802 1970 colligere
828 1911 905 1951 nunc
931 1894 1048 1973 perdere
1073 1888 1221 1973 significet,

74 1970 146 2029 hoc
168 1967 230 2028 loco
250 1969 376 2050 positum
394 1987 456 2028 esse
479 1970 651 2050 interpretor
662 1963 722 2107 pro
743 1969 905 2050 Congerere
924 1975 952 2031 in
973 1991 1116 2045 acernum,
1137 1975 1219 2045 sicuti

74 2051 114 2109 iu
137 2047 254 2110 contusa
273 2055 366 2128 strage
385 2047 445 2108 lieri
465 2048 544 2108 solet.
570 2047 646 2108 Talis
675 2049 990 2112 uitAbralaae‘obiectio
1005 2051 1076 2111 Gen.
1097 2071 1158 2133 cop.
1171 2056 1218 2128 18,

72 2147 159 2190 vers·
181 2129 229 2190 25.
259 2126 345 2188 Absit
362 2145 379 2186 a
398 2134 435 2200 te,
454 2133 489 2188 ut
507 2128 613 2188 iustum
632 2128 785 2209 interficias
802 2150 869 2190 cnm
886 2131 927 2190 -im
949 2132 985 2200 io,
1006 2133 1098 2211 sitque
1117 2131 1216 2192 cadem
1303 2177 1305 2184 .

72 2208 213 2269 conditio
238 2208 306 2290 insti
331 2212 361 2266 et
383 2207 471 2287 impii.
511 2207 641 2268 Sciamus
666 2228 734 2288 ergo
759 2211 857 2270 dictari
883 2211 1028 2290 abpiritu
1047 2217 1146 2270 sancto
1165 2211 1216 2272 bas

72 2287 221 2370 precandi
241 2287 355 2359 tormer,
374 2293 408 2346 ut
427 2293 506 2348 certo
525 2289 653 2369 persuasi
672 2291 728 2348 sint
746 2289 844 2349 fideles
859 2289 952 2349 Deum
973 2309 1050 2350 nnnc
1070 2291 1105 2350 de
1124 2293 1215 2351 cuius-

163 2385 253 2428 causa
276 2385 463 2448 cognoscere,
488 2373 521 2426 ut
544 2363 659 2428 tandem
684 2386 807 2448 aequum
827 2370 961 2429 iudicium
983 2371 1116 2450 proterat.
1157 2369 1215 2431 Pro
1248 2379 1254 2394 ⁸

71 2448 236 2508 Sceleratis
275 2445 336 2508 obit
354 2447 555 2526 Sanguinarios
574 2447 604 2507 in
624 2448 748 2507 secundo
773 2448 916 2524 membro,
942 2448 1117 2530 amplificans
1138 2417 1222 2528 quous

40 2527 204 2588 'dixmt
269 2527 304 2586 tsi
329 2526 411 2584 enim*
427 2545 485 2584 uon
509 2527 604 2586 statim
629 2527 664 2586 ed
688 2525 789 2587 caedes
814 2547 904 2607 usque
924 2535 1114 2608 prorumpunt
1133 2529 1215 2588 multi

70 2606 282 2746 impmgllenae
305 2607 715 2745 tcmppmtcmporistsuccessu
739 2607 775 2665 ad
789 2609 944 2746 'saevitiarp
973 2605 1128 2746 qbdprent‚
1158 2627 1213 2672 aec

70 2707 150 2784 rere
283 2703 362 2766 quaes
445 2703 494 2744 eos
513 2704 593 2762 arur,
618 2705 769 2768 quousque
787 2707 817 2748 ru
841 2705 956 2747 crueua
994 2705 1107 2749 annom
1131 2705 1212 2770 prae·

71 2771 210 2907 meld.
241 2849 319 2920 noto
347 2852 380 2920 iq
402 2847 537 2908 monibus
560 2869 670 2908 sortem.
715 2849 788 2930 Mt
808 2845 942 2907 Hebraeis
962 2847 1077 2928 proprie
1096 2847 1214 2908 interior

75 2925 165 2986 dolus
186 2929 232 2984 cst
250 2943 284 2984 ae
303 2925 481 2986 machinatio.
520 2925 579 3012 Sed
599 2927 644 2985 lric
664 2945 722 2988 non
742 2927 836 3008 inepte
855 2927 891 2986 ad
911 2924 1012 2986 niaoua
1032 2926 1212 2996 transfertur:

75 3007 147 3088 quia
168 3005 328 3086 exprimere
346 3005 437 3065 voluit
455 3005 559 3081 David,
576 3001 690 3088 impios,
711 3005 747 3066 de
767 3005 869 3086 quibus
890 3005 1027 3086 loquitur,
1046 3025 1104 3065 nnn
1123 3005 1210 3078 modo

74 3106 179 3148 secum
198 3085 284 3144 tacite
302 3083 413 3146 iraudes
433 3087 547 3165 agitare,
566 3087 615 3146 sed
636 3088 722 3146 etiam
736 3083 865 3145 monibus
880 3091 994 3146 strenue
1005 3083 1122 3164 exsequi
1133 3085 1210 3164 quie

76 3167 147 3247 quid
169 3163 293 3226 malitiae
311 3165 341 3225 in
361 3165 460 3226 animis
480 3165 650 3247 concipiunt.
691 3164 748 3224 lam
770 3185 859 3244 quum
878 3167 999 3226 dextros
1018 3187 1118 3224 eornm
1144 3163 1213 3223 dicit

74 3249 184 3328 plenae
207 3267 268 3306 esee
290 3247 472 3318 muneribus,
497 3244 563 3305 hinc
586 3246 718 3326 colligere
742 3244 807 3304 lieet
832 3265 890 3304 non
915 3243 1056 3325 quoslibet
1080 3244 1211 3304 emedio

75 3327 168 3406 uulgo
192 3323 322 3384 homines
346 3324 396 3419 sed
439 3343 550 3384 ruceres
566 3325 651 3420 'ipsos
675 3325 782 3398 numni,
806 3323 835 3384 in
859 3343 932 3422 quos
956 3323 1013 3384 hoc
1037 3342 1125 3404 genum
1144 3343 1211 3419 por·
1303 3382 1308 3395 ,

78 3403 728 3558 tttittdtti'tmttoittfdt:
744 3404 883 3544 iiiiii
898 3409 1020 3544 {titt
1036 3409 1212 3564 estitit?

79 3583 165 3647 perses
183 3582 258 3644 qnos
271 3567 321 3647 ¹est
339 3569 474 3643 potestas,
493 3563 597 3622 offerri.
637 3561 749 3623 Scimus
768 3563 943 3624 etiamtunc
961 3562 1099 3644 pessimos
1119 3559 1209 3621 homi·

81 3665 129 3704 aes
147 3661 244 3704 rerum
264 3642 371 3723 potitus
390 3661 465 3703 essee
484 3641 607 3722 ideoque
622 3661 685 3704 non
704 3661 769 3702 esse
789 3645 893 3702 mirum
912 3644 936 3702 si
979 3649 1094 3702 necetur
1113 3639 1209 3704 David

81 3723 122 3783 ina
146 3721 233 3784 tune
252 3723 416 3810 expositum
436 3721 639 3790 nundinationi.
679 3721 830 3782 Moncmnr
849 3728 943 3782 autem
957 3663 1019 3781 lroe
1039 3719 1126 3790 verbo
1146 3719 1209 3782 lieri

51 3803 159 3894 „aliter
181 3821 242 3883 non
265 3821 352 3883 posse
378 3801 447 3882 quin
471 3821 502 3861 ee
525 3801 562 3861 ad
586 3803 763 3883 iniquitatem
804 3801 954 3862 restituant
974 3799 1024 3881 qui
1044 3800 1207 3860 muneribus

81 3883 263 3943 delectantur.
292 3877 354 3941 Nee
371 3887 448 3942 certe
466 3880 571 3942 frustra
591 3821 854 3963 pronconsulem
874 3879 1020 3942 excaecari
1040 3879 1121 3940 donis
1142 3898 1208 3938 ocu·

78 3963 120 4024 los
136 3961 322 4044 prudentum,
341 3965 372 4021 et
390 3963 515 4042 perverti
533 3963 673 4022 iustorum
691 3957 787 4021 corda.

153 4043 204 4104 11.
224 4043 295 4123 Ego
313 4051 412 4102 antem
428 4049 462 4102 ta
479 4047 650 4122 integritate
667 4063 743 4100 meo.
772 4039 805 4100 ln
823 4035 878 4100 hae
895 4039 1062 4120 repetitione
1081 4037 1207 4098 notanda

81 4129 119 4182 cst
136 4122 365 4194 circumeuntia,
387 4139 462 4200 qnae
481 4119 600 4180 Doridis
618 4121 756 4180 induam
772 4119 873 4180 melius
891 4119 1029 4180 illustrat:
1049 4119 1117 4196 qnia
1135 4117 1207 4176 scili-

80 4208 120 4262 cet
140 4203 219 4262 inter
233 4201 478 4272 'tottentationes
503 4205 666 4260 constanter
689 4200 719 4258 iu
739 4199 786 4258 via
805 4199 938 4278 perrexit.
978 4196 1100 4259 Videbat
1118 4195 1206 4277 pluri·

80 4301 136 4344 urus
159 4279 329 4342 muneribus
350 4285 467 4358 repente
490 4277 642 4352 ditescere,
666 4285 700 4339 nt
723 4275 808 4340 bodio
832 4277 995 4358 quicunque
1018 4275 1208 4356 gubcmeccla

79 4366 189 4438 comt,
210 4359 293 4424 brevi
322 4357 459 4442 temporis
482 4361 575 4442 spatio
599 4357 778 4426 romuleos
797 4375 930 4440 magnum
950 4357 1132 4438 sinopem,
1157 4375 1206 4420 ex·

466 4610 478 4643 l
