2748 4890
489 33 509 100 l

486 279 528 318 rs
558 279 718 322 essuri.
746 279 827 322 xciv.
1143 279 1196 340 341

36 417 176 464 wem
200 401 308 482 pretias
331 398 386 463 Dei
411 400 625 482 quodemmodo
649 402 878 486 interrumperet.
918 401 1003 468 Nouo
1027 404 1076 466 ubi
1096 406 1195 470 datum

34 479 100 540 sibi
124 499 194 542 esee
213 481 337 542 intentur
356 481 491 562 quiequid
509 484 539 542 iu
560 480 659 542 Patres
679 480 760 544 Deus
781 483 952 544 contuderat:
976 503 1075 546 secure
1095 494 1194 567 petere

33 561 119 620 licet
148 565 182 620 nt
201 561 347 627 continuet
365 580 439 641 opus
458 580 552 622 sunm.
593 559 684 622 Porro
702 561 856 622 mnendnm
875 569 920 624 est
939 564 1018 644 quod
1039 584 1124 646 snpra
1143 562 1191 626 ed·

33 641 171 712 monui,
198 638 252 700 bac
274 641 385 700 ratione
409 639 475 703 Deo
498 641 675 702 irs-rottdum
695 639 853 702 adscribere
872 661 937 703 suas
957 644 1103 718 victorias,
1127 647 1194 726 quia

34 719 124 780 nihil
150 718 211 778 tale
234 719 327 799 gladie
352 719 400 780 vel
424 739 495 782 arten¹
518 739 571 780 sao
595 722 733 800 consequi
759 727 901 801 poterant.
940 721 1097 784 Antithesis
1116 726 1192 785 eninr

36 801 103 858 ista
135 797 460 882 melius1iltustratDei
485 801 621 878 gratiam,
647 799 695 860 ubi
719 807 887 881 reputemus
913 807 1020 882 quanta
1040 803 1076 862 sit
1094 810 1193 881 nostra

35 879 212 1018 ‘statut‘
228 897 318 1020 iiii
337 875 754 1020 tttdttttttt‘tti
779 879 1193 1040 titttttttttttt

294 1019 295 1026 r
471 997 480 1033 ς
1015 1027 1017 1038 ,

65 1037 239 1102 udeiectos.
350 1066 358 1090 t
742 1087 744 1093 .

37 1058 63 1117 P
132 1119 225 1180 9.1rs
243 1119 309 1178 Dec
327 1117 520 1178 badabiones.
561 1115 716 1212 §andusia
736 1124 780 1177 est
797 1117 907 1212 primae
918 1119 1027 1216 'portis
1067 1115 1139 1180 Nam
1160 1121 1189 1182 in

35 1195 851 1357 tttttttttttttttttttttttd:itit
867 1195 1188 1358 titttttttttt

35 1353 175 1417 Perinde
202 1356 279 1416 euim
307 1356 365 1419 acsi
395 1353 488 1415 adhuc
513 1355 715 1436 inpraesenti
744 1355 853 1430 forent,
890 1355 1031 1418 assiduam
1061 1376 1092 1416 se
1121 1355 1186 1418 Deo

36 1435 165 1496 taudem
187 1433 290 1494 debere
308 1441 479 1516 agnoscunt:
499 1435 566 1514 qudo
586 1455 644 1496 uon
663 1453 721 1495 uno
742 1436 838 1496 monto
857 1435 904 1494 vei
923 1437 1027 1516 exiguo
1049 1442 1185 1518 tempore,
1285 1445 1288 1453 “

36 1513 97 1574 sed
124 1515 267 1576 coutinuis
290 1513 430 1575 aetatibus
449 1515 609 1586 floruerint,
633 1534 701 1577 nam
721 1513 857 1596 quicquid
876 1515 995 1576 feliciter
1013 1515 1182 1596 contigerat,
1220 1567 1222 1570 .

24 1599 199 1674 -aeceptuua
219 1593 344 1658 referunt
363 1595 424 1654 eius
443 1595 556 1672 gratiae
580 1593 619 1654 Et
637 1600 714 1654 certe
733 1603 802 1656 tuuc
822 1595 935 1656 demum
955 1611 993 1653 ex
1012 1594 1097 1654 rebus
1118 1615 1183 1676 pro·

37 1675 146 1812 att:
163 1692 233 1812 ⁶132?
233 1677 261 1734 ²⁸
270 1679 312 1812 ii
329 1673 1087 1816 'tritt‘’tttttttttttt‘ttdttttt
1109 1675 1185 1814 tt

67 1853 102 1892 ne
127 1831 229 1892 rotomi
252 1773 412 1911 quogiJens
436 1831 576 1912 poprdum
600 1851 685 1892 suum
704 1831 802 1892 iavore
821 1851 873 1912 pro
899 1875 900 1878 ,
962 1831 1057 1890 datur:
1082 1832 1184 1893 deinde

38 1853 96 1972 itu
120 1909 219 1972 fideles
244 1913 341 1972 testari
366 1930 448 1970 snam
487 1911 683 1988 retitudinem,
708 1909 776 1972 darn
797 1911 874 1971 omni
893 1911 920 1972 ia
934 1931 964 1970 sa
984 1913 1115 1972 iactantia
1135 1913 1182 1972 de·

44 1992 155 2070 posite,
183 1990 310 2050 fatentur
326 1989 365 2050 ab
384 2009 444 2050 ono
462 1931 529 2050 beo
547 1991 688 2071 proiectas
708 2011 769 2050 esse
789 2010 887 2050 omnes
908 1993 1055 2064 victorias,
1079 1991 1182 2070 quibus

40 2073 75 2130 in
101 2070 234 2138 sinistimu
249 2070 316 2132 etati
340 2069 467 2144 tuamet,
491 2077 520 2128 et
545 2073 628 2132 unica
653 2073 712 2134 eim
740 2071 844 2130 virtute
863 2089 894 2132 se
913 2069 1050 2130 haelenae
1070 2073 1180 2130 stetisse
1277 2105 1280 2110 ·

38 2150 215 2210 incolumes.
233 2147 329 2210 Tettio
349 2169 408 2208 nou
427 2151 515 2210 semet
535 2151 582 2209 vel
601 2151 703 2210 iterum
723 2147 862 2210 duntaxat
880 2148 933 2209 sibi
953 2149 1046 2208 datam
1062 2149 1180 2210 canendi

38 2231 132 2290 fuisse
152 2228 351 2308 musnmsscd
370 2229 456 2308 longo
476 2230 613 2310 temporis
633 2247 765 2288 successu
780 2230 863 2296 ,varia
883 2229 994 2310 paterni
1013 2229 1178 2290 favorisdo·

36 2303 177 2450 suffita
190 2308 254 2451 dibi
274 2306 400 2370 exhibite
419 2307 517 2384 tuisse,
538 2317 571 2370 nt
590 2309 693 2372 merito
713 2307 797 2390 longa
817 2311 958 2390 possessio
979 2327 1059 2390 spem
1079 2328 1179 2372 eorum

37 2396 64 2450 st
105 2391 170 2450 ''re
246 2389 331 2450 ussit.
521 2415 525 2420 ·

132 2607 186 2676 10.
209 2605 424 2676 Veruntamen
446 2595 643 2679 abominatus
665 2631 700 2678 es
723 2619 755 2678 et
769 2605 951 2698 pudefecisti
969 2629 1039 2692 nos,
1061 2615 1093 2676 et
1108 2631 1176 2675 nou

39 2714 199 2806 egrederis
221 2737 295 2782 cum
317 2715 505 2783 exercitibus
526 2716 652 2784 nostris.
694 2716 746 2782 11.
769 2701 959 2782 convertisti
982 2736 1042 2782 nos
1064 2723 1175 2780 retror-

39 2845 114 2888 sum
137 2805 177 2886 nb
199 2807 363 2912 affligente,
385 2831 416 2888 et
439 2843 548 2888 osores
563 2822 663 2888 nostri
680 2819 942 2888 conculcaverunt
958 2819 1024 2886 sibi.
1049 2820 1101 2886 19.
1112 2819 1177 2894 De·a
1247 2829 1254 2860 t

39 2929 114 2995 disti
135 2948 196 2993 nos
219 2927 308 3016 quasi
331 2949 408 2994 ovea
431 2928 463 2994 ir'r
477 2924 608 2994 'cibume
633 2937 665 2994 et
687 2927 767 2994 inter
778 2926 897 2994 Gentes
920 2926 1090 3016 dispersisti
1102 2947 1174 2994 nos.

39 3035 95 3100 13.
117 3031 290 3100 tendidtsti
311 3017 467 3122 populum
490 3043 592 3114 tuum,
614 3055 674 3100 nec
695 3033 768 3102 inde
791 3032 924 3114 divitiae,
946 3043 979 3098 et
1000 3053 1066 3098 non
1088 3033 1172 3098 auxi
1240 3051 1243 3058 ’

38 3143 80 3206 sti
108 3139 206 3230 pretia
231 3139 398 3230 ipsorum„
430 3131 481 3205 14.
502 3137 641 3206 Posuisti
666 3125 959 3230 nos.opprobrium
981 3137 1090 3205 vicinis
1116 3159 1171 3204 no·
1211 3123 1214 3140 ’

39 3247 128 3328 stris,
155 3243 324 3312 ludibrium
352 3253 384 3312 et
410 3243 688 3314 subsannationem
715 3243 841 3336 hisqui
864 3243 981 3312 circum
1004 3265 1064 3310 nos
1086 3253 1168 3312 sunt.

40 3354 95 3420 15.
118 3337 254 3420 Poiuisti
275 3375 335 3420 nos
357 3351 615 3442 pnoverbiumin
638 3339 808 3434 Gentibus,
834 3351 1037 3444 agitationem
1058 3349 1168 3442 eapitis
1290 3378 1292 3388 ·

38 3459 71 3525 in
98 3458 231 3552 populis.
910 3456 911 3462 '

102 3606 149 3665 tte
163 3605 362 3666 Venantum
375 3605 569 3663 edominetes.
586 3601 670 3662 Nunc
683 3604 812 3683 sequitur
820 3601 1011 3683 expostulatio
1021 3621 1079 3681 qua
1089 3621 1168 3682 prae-

38 3688 133 3744 smus
141 3701 289 3742 aerumnas
298 3689 328 3742 ei
336 3689 494 3742 extremam
503 3681 690 3742 calamitatem
701 3683 736 3742 de
757 3683 859 3744 tonant.
878 3679 1056 3740 Describitur
1070 3689 1167 3742 autem

37 3763 166 3836 mutatio,
180 3781 254 3842 quae
266 3783 325 3822 uon
340 3761 428 3822 modo
441 3769 561 3822 testatur
570 3761 665 3820 Deum
679 3705 790 3821 asoiita
798 3815 801 3824 ,
810 3761 1006 3822 benevolentia
1017 3762 1166 3835 destitisse,

38 3841 90 3901 sed
99 3841 189 3934 petam
200 3841 421 3937 csseadversnrn
434 3841 545 3978 populo
561 3861 614 3901 suo
629 3849 659 3936 et
674 3841 817 3936 infestum.
839 3840 937 3900 Primo
953 3847 1120 3919 queruntur,
1134 3860 1167 3901 sc

37 3919 1164 4082 usstasscassis?tstszstttttsttattttrtt
1267 3947 1275 3958 ·

38 4079 121 4159 longe
138 4077 244 4152 obesse,
263 4075 321 4139 dun
341 4079 474 4140 reclamo.
514 4079 633 4139 Addunt
652 4086 750 4160 postea
769 4099 800 4140 se
820 4079 925 4160 probro
944 4078 1031 4138 tuisse
1050 4078 1177 4157 suposi-¹

40 4165 95 4218 tos:
119 4159 183 4238 quia
206 4157 314 4219 scilicet
337 4158 450 4218 nudatis
469 4157 524 4218 Dei
550 4159 688 4239 praesidio
718 4159 867 4220 infeliciter
891 4160 986 4219 omnia
1010 4157 1167 4218 succedere

38 4256 150 4303 necem
172 4236 235 4298 iuit.
279 4235 365 4314 Quod
390 4239 475 4298 etiem
498 4257 570 4298 mox
589 4239 746 4313 declarent,
772 4238 820 4298 ubi
843 4239 954 4308 tuens,
984 4235 1080 4296 Deum
1104 4237 1161 4298 iam

39 4338 98 4377 uon
119 4317 219 4399 egredi
238 4319 319 4398 quasi
338 4317 439 4378 dacem
459 4317 505 4378 vel
524 4319 753 4397 antesignanum,
776 4315 827 4376 *ubi
847 4317 883 4376 ad
909 4315 1069 4376 bellandum
1095 4335 1159 4397 pros

40 4397 129 4460 deant
153 4394 255 4456 Postea
273 4396 386 4480 tongins
406 4395 564 4458 extendunt
582 4415 647 4457 suas
667 4397 866 4476 querimonias,
886 4396 962 4474 quod
985 4393 1063 4456 Deus
1083 4398 1164 4486 ipaps
