2836 4886
206 257 260 318 476
500 323 509 344 ι
630 226 921 306 scrutanda

210 407 277 468 quo
291 387 336 448 vel
355 387 495 468 iniquius,
520 387 566 449 vel
587 387 729 448 crudelius
749 387 896 448 nobiscnm
918 395 1020 469 agunt,
1046 407 1082 448 eu
1102 388 1214 448 oenus
1238 393 1384 448 uuum

206 467 275 528 uest
314 469 448 546 rupitinm
468 469 551 528 nobis
571 467 756 528 Deumdore.

287 487 315 608 d).
338 553 489 622 Quaestum
507 559 651 608 neumnt
671 555 757 630 perusi
774 549 912 630 gludim
933 550 1070 630 linguosa
1086 569 1183 607 suurn.
1211 543 1379 624 Quarrrvis

205 627 237 688 in
257 645 324 688 cnm
344 627 502 710 capitaliter
521 631 662 688 saevirent
686 627 798 702 hostes,
826 647 926 687 eorum
953 635 1047 688 tamnu
1069 628 1262 688 virulentiam
1285 647 1376 708 prae

207 707 293 804 eipna
312 713 448 846 acerlssat.⁸
476 705 628 868 mutila
648 711 747 846 ἀἴθυιαι
766 713 811 804 est
830 707 867 768 de
885 706 963 846 irstlsis
984 706 1173 846 delationitbpis
1193 713 1229 767 et
1253 709 1374 848 calupp-

206 805 348 848 meseum
380 807 449 847 our
559 804 709 853 nssscrra
747 805 939 848 scemmeno
1011 807 1141 848 vano
1205 806 1226 848 e
1357 809 1373 848 n

207 863 289 928 reddi
309 806 442 928 invbnbn.
454 829 620 948 ⁹Comparat
638 885 707 948 ergo
725 865 837 947 linguas
856 805 1089 950 eommgglodiisd
1109 807 1325 928 amprpmppp
1332 870 1371 926 vi-

207 946 355 1008 rulentum
379 965 539 1008 sermonem
564 945 681 1026 sagittis.
721 940 768 1006 Εὲ
794 945 927 1028 opposito
946 965 1028 1006 suam
1048 944 1223 1027 probitatem
1246 949 1370 1021 nsunt,

207 1045 260 1088 eos
280 1027 397 1086 iaculari
418 1027 514 1087 dicens
534 1033 634 1122 eontra
651 1025 797 1088 bominem
816 1031 926 1087 rectum
945 1033 976 1088 et
994 1027 1153 1088 innoxium.
1179 1024 1250 1086 Hac
1270 1028 1368 1107 igitur

206 1105 382 1268 ttgtdtt
403 1105 564 1266 illitae
589 1111 738 1268 imitavit
759 1103 938 1248 attali,
951 1105 1365 1267 ”tltttttttffiatf

205 1263 267 1327 lam
287 1286 337 1326 ons
357 1264 432 1326 clam
452 1271 481 1326 et
500 1266 530 1325 in
550 1265 664 1326 occulto
683 1263 811 1340 iaculari,
836 1266 950 1346 telaque
971 1273 1088 1347 repente
1107 1265 1223 1328 vibrare
1247 1265 1362 1342 dicms,

204 1345 346 1427 sigrrilicot
369 1365 420 1405 eos
444 1345 594 1428 multiplici
619 1347 722 1406 astutia
747 1346 869 1428 pollere:
899 1365 953 1408 ucc
981 1345 1069 1407 ruodo
1094 1348 1198 1408 acriter
1223 1347 1361 1408 intentos

203 1443 268 1485 esse
287 1425 324 1485 ad
344 1425 520 1500 nocendum,
544 1425 703 1506 seduloque
722 1426 855 1506 vigilare,
872 1425 924 1486 aed
942 1427 1029 1488 etiam
1046 1427 1210 1508 ingeniosos
1232 1447 1306 1490 esae
1328 1447 1361 1486 ac
1402 1433 1403 1506 ᾗ

201 1504 332 1580 solertes,
353 1513 385 1565 ut
404 1505 488 1564 eitius
508 1505 703 1574 transfodiant
716 1513 816 1586 pectus
831 1505 935 1566 incauti
949 1504 1082 1580 bominis,
1101 1527 1189 1586 mam
1206 1508 1357 1604 suspicari

202 1590 291 1664 queat
307 1583 364 1644 sibi
382 1585 538 1666 quicquam
561 1585 632 1646 mali
655 1587 770 1647 insum.
812 1583 903 1646 Porro
927 1605 1019 1726 ponus
1042 1585 1172 1647 audimus
1191 1584 1364 1658 Davidem,

203 1666 255 1744 qni
275 1669 335 1725 tam
354 1671 451 1726 munte
470 1682 505 1724 an
524 1685 596 1746 pura
613 1667 751 1728 iustitiam
771 1665 907 1740 coluerat,
941 1668 1015 1726 nisse
1034 1673 1131 1726 umen
1150 1666 1279 1728 sinistris
1300 1669 1355 1728 m·-

202 1743 406 1805 minaticuibus
427 1743 598 1806 obnoxium:
623 1765 661 1806 na
680 1745 818 1806 miremur
836 1745 861 1804 si
880 1746 996 1826 quando
1015 1743 1097 1810 Deua
1116 1766 1169 1806 ncs
1190 1747 1243 1828 qui
1264 1745 1354 1828 longe

202 1827 230 1882 a*
246 1821 367 1884 Doridis
392 1825 552 1905 integritate
580 1821 732 1899 absumus,
762 1824 847 1884 simili
876 1827 1040 1886 tentationis
1068 1845 1171 1907 genera
1201 1835 1351 1887 exmceat.

203 1901 348 1964 Hccvero
368 1905 486 1965 uulmm
500 1905 555 1966 erit
569 1903 712 1979 matium,
731 1903 767 1966 ad
778 1902 875 1974 Derim
894 1905 1058 1986 masagam,
1076 1913 1110 1966 ut
1128 1905 1222 1968 bonae
1243 1925 1351 1968 cauaaa

243 1985 396 2045 trcoinium
415 1985 559 2066 susoip‘nt
578 1983 718 2065 Adiungit
735 1984 821 2046 man
840 1985 1091 2064 circumstantiam,
1107 1983 1190 2066 quod
1210 1985 1277 2048 siue
1294 2007 1349 2068 pn·

227 2083 276 2124 cre
295 2069 324 2124 et
342 2071 422 2126 metu
441 2073 573 2148 snguine
590 2087 698 2126 ueneno
718 2067 811 2126 iltttua
829 2087 867 2126 ex
882 2087 933 2128 ore
945 2089 1000 2128 arro
1014 2067 1133 2128 vibrent.
1153 2063 1232 2126 'l’alia
1249 2075 1347 2128 autern

204 2145 355 2219 securitas,
379 2143 508 2242 perditae
532 2143 666 2205 audaciae
690 2145 802 2224 rignum
821 2151 880 2220 est,
905 2143 953 2206 nbi
979 2147 985 2162 '
1070 2143 1099 2205 bi
1116 2145 1224 2207 centies
1245 2145 1344 2229 depae

196 2221 300 2298 'benai,
314 2223 461 2292 obstinate
478 2231 576 2284 tamen
596 2231 733 2305 pergente
757 2223 825 2304 quta
843 2243 899 2285 nac
917 2225 994 2285 ullus
1088 2231 1198 2300 metus,
1217 2244 1277 2288 nec
1293 2227 1344 2287 bn·

201 2303 312 2444 mitnnm
331 2303 504 2445 pmeepndin
528 2323 579 2368 ecs
603 2305 708 2367 retinet
730 2305 801 2385 quin
825 2321 856 2366 sa
880 2305 1048 2384 gladiatorio
1070 2311 1101 2366 et
1119 2305 1274 2388 dcemrutc
1291 2308 1342 2368 im·

218 2403 268 2444 cu
306 2404 444 2446 roncran.

196 2403 217 2466 p
279 2405 307 2527 d.
341 2467 508 2544 Odfiranunt
526 2465 720 2546 sidi'sccinus
740 2473 878 2562 impium.-
905 2486 1081 2540 aarum,
1104 2474 1164 2528 eta
1191 2461 1287 2528 'Nunc
1306 2465 1341 2528 de

198 2543 353 2684 pertinacia
373 2553 404 2608 et
422 2545 565 2606 sceleratis
585 2546 840 2630 conspirationibus
859 2545 986 2608 bostium
1006 2547 1128 2606 suorum
1142 2547 1338 2642 conqueritur.

226 2631 351 2686 ostreum
370 2625 449 2687 addit
468 2623 684 2700 confidentiam,
709 2643 768 2706 qun
791 2644 822 2686 su
840 2627 877 2688 ad
898 2627 1011 2706 quidvis
1030 2623 1192 2687 audendum
1212 2628 1338 2687 incitant.

198 2703 293 2765 Porro
312 2725 372 2768 non
392 2705 510 2766 dubium
530 2712 574 2766 cst
594 2704 665 2784 quin
684 2705 750 2785 plus
770 2705 824 2766 illis
844 2705 985 2766 addiderit
1002 2706 1089 2766 animi
1108 2705 1259 2767 infirmitas
1279 2703 1338 2766 Ba-

195 2783 281 2858 vidis,
301 2791 333 2846 ut
351 2787 524 2868 petulantius
539 2790 677 2844 remeent
696 2787 835 2846 miserum
853 2793 884 2846 et
902 2785 1056 2866 profugum
1076 2785 1232 2856 bominem,
1251 2803 1337 2867 mem

194 2863 333 2926 ridebant
352 2858 430 2926 omni
449 2865 556 2926 auxilio
577 2864 700 2923 destitui.
740 2863 810 2925 Post
831 2884 898 2926 uam
923 2866 995 2926 dixit
1019 2883 1081 2926 essa
1104 2865 1289 2942 insanabiles,
1306 2872 1336 2925 et

196 2963 271 3025 qnos
290 2944 327 3005 ad
346 2944 550 3009 humanitatem
569 2944 645 3003 flenti
664 2963 750 3024 posse
768 2887 846 3005 uulda
867 2965 881 3006 s
902 2965 932 3005 es
952 2947 1001 3005 sit:
1022 2945 1099 3005 addit
1113 2945 1191 3005 ultro
1207 2947 1334 3026 citroque
1402 2925 1403 3000 l

192 3025 271 3086 inter
290 3043 322 3085 se
340 3026 466 3108 colloqui
485 3023 632 3104 quomodo
652 3043 707 3104 per
723 3025 868 3086 insidiosi
891 3043 939 3084 nm
959 3025 1089 3106 perdant.
1115 3024 1255 3107 chmtur
1274 3033 1331 3086 tan·
1402 3003 1403 3066 l

187 3104 264 3168 ,dem
287 3105 407 3180 incula,
437 3105 574 3186 qnoniam
602 3109 682 3162 astus
706 3124 774 3166 snos
799 3104 954 3166 invisibiles
977 3123 1041 3165 esso
1085 3111 1175 3166 etant
1219 3103 1331 3165 Scimus
1402 3113 1403 3168 i

169 3194 174 3206 “
193 3185 273 3245 enim
292 3205 380 3266 qnam
400 3203 500 3246 secura
518 3181 643 3264 improbi
663 3203 715 3244 sua
728 3183 841 3246 vafritie
859 3184 969 3259 confisi,
989 3126 1163 3264 simplicibus
1181 3185 1329 3248 mutent:
1402 3243 1403 3246 ,

188 3265 264 3344 ’quia
288 3273 391 3346 putant
415 3271 529 3325 centum
553 3263 680 3324 rationes
703 3265 756 3324 sibi
781 3283 894 3345 semper
918 3265 948 3323 in
968 3264 1187 3345 promptulum
1205 3263 1330 3345 ugnus

190 3344 337 3420 'scabrum
361 3363 479 3406 suorum
503 3343 635 3422 flagitiis:
667 3341 839 3404 Partieniam
860 3317 932 3414 ml,
957 3350 1019 3404 tam
1033 3344 1079 3416 ¹ad
1103 3345 1182 3425 ipsos
1200 3343 1328 3406 fraudum

195 3424 375 3500 architectos,
395 3443 482 3520 quam
501 3422 537 3482 ad
557 3423 676 3503 laquem
696 3429 725 3484 et
743 3425 858 3483 insidias
873 3425 1024 3484 commoda
1037 3424 1144 3484 reform
1158 3424 1233 3486 licu-
1253 3423 1326 3484 Malo

191 3510 291 3564 tomen
311 3505 347 3565 de
365 3507 434 3585 ipsis
453 3503 623 3584 intelligere,
639 3505 707 3584 quin
727 3503 857 3583 snperbia
877 3503 1030 3577 maseati,
1049 3504 1186 3566 audacter
1203 3509 1235 3566 et
1246 3503 1326 3566 bocu-

72 3654 77 3662 ,
189 3585 267 3645 tiose
281 3591 376 3645 'munt
394 3601 568 3664 quocunque
591 3583 712 3664 impellit
735 3583 834 3644 libido:
861 3585 928 3662 quia
953 3583 1032 3643 nuda
1055 3603 1107 3644 eoa
1125 3583 1183 3645 Dei
1202 3600 1325 3645 reveren·

188 3665 244 3738 tis,
265 3664 360 3724 nullus
380 3662 529 3724 hominurn
549 3663 644 3746 pudor
662 3662 785 3724 cohibet.
810 3661 948 3724 Proximo
968 3681 1054 3724 versu
1069 3665 1189 3746 'graviru
1207 3665 1326 3746 mugiat

194 3763 296 3804 corum
315 3743 438 3805 fraudas.
477 3741 557 3814 Dicit
575 3745 662 3825 igitur
681 3759 780 3803 omnes
800 3742 922 3803 nocendi
941 3749 1015 3804 artes
1033 3743 1122 3805 inissa
1141 3749 1326 3825 percontatus,

191 3830 228 3882 ut
251 3821 383 3884 alblind
407 3830 542 3898 exactum
567 3824 735 3885 scrutinium
760 3823 914 3882 omiserint.
955 3827 1102 3886 scrutinii
1120 3841 1191 3884 veru
1216 3825 1324 3884 nomine

189 3903 330 3983 intelligit
341 3905 468 3965 ocenltas
486 3905 608 3966 nouandi
627 3909 712 3964 artes.
732 3901 770 3963 Et
788 3903 867 3962 addit
885 3902 958 3962 altos
978 3921 1040 3963 csso
1059 3918 1189 3964 recessus
1207 3903 1324 3964 malitiae

190 3983 329 4065 ipsorum.
355 3981 430 4044 Nam
449 4003 502 4066 per
520 4007 573 4046 cor
586 3984 775 4065 profundum
793 3993 821 4044 st
840 3985 1005 4064 pasctrcllu
1024 3982 1072 4043 vel
1089 3984 1321 4064 intimaspartes,

84 4083 86 4088 ·
191 4062 316 4124 latebras
334 4063 474 4146 iutelligit,
494 4065 598 4146 quibus
617 4062 740 4143 improbi
757 4081 788 4122 se
802 4062 961 4122 involvunt.
982 4061 1109 4141 Quidam
1122 4081 1230 4124 nomen
1249 4067 1321 4134 &itt

188 4142 338 4203 ¹indefinita
357 4147 500 4226 accipiunt
518 4145 582 4205 bcc‘
594 4143 691 4218 modo,
712 4141 858 4220 Quicquid
878 4141 988 4202 consilii
1007 4147 1036 4203 et
1055 4146 1176 4206 astutiae
1187 4143 1324 4204 invenitur

190 4223 222 4284 in
241 4223 424 4297 mortalibus,
447 4225 545 4286 hostes
564 4224 621 4284 mci
640 4223 676 4283 nd
696 4241 727 4282 se
747 4221 893 4302 colligunt.
935 4220 993 4282 Sed
1013 4223 1111 4304 quoad
1128 4239 1267 4284 summam
1284 4221 1323 4280 rai

191 4319 295 4382 parum
315 4305 443 4365 interest:
469 4305 537 4383 quia
554 4310 653 4364 tenere
672 4301 792 4378 sufficit,
817 4319 876 4360 non
895 4307 1008 4363 tanmm
1026 4309 1127 4385 aperto
1146 4308 1252 4374 marta,
1276 4301 1322 4362 sed
1402 4347 1403 4372 ,

191 4379 337 4444 mccudita
362 4383 581 4448 ottnm'mslitia
605 4383 703 4448 malas
721 4379 1028 4450 Davtunsctinsus
1051 4383 1139 4448 usne
1161 4382 1320 4468 pernicicm:
1380 4383 1403 4478 'j
