2818 4886
152 291 202 354 143
576 253 864 325 sosarinus

69 443 72 452 ’
154 439 202 480 sus
227 423 323 477 tamen
347 409 405 470 huc
431 407 518 479 redit,
561 403 600 465 Et
623 423 676 486 pro
700 421 753 464 sua
777 399 933 463 admirabili
958 397 1065 458 virtute
1080 401 1187 457 'servet
1212 395 1302 456 Deus

155 501 262 581 Regem
282 513 335 554 suo
355 489 488 550 mandato
509 492 640 545 unctum:
661 487 728 564 quia
738 482 861 566 Spiritus
877 481 928 559 qui
947 479 1021 538 hauc
1030 496 1145 560 precem
1167 475 1302 550 dictavit,
1394 491 1395 522 ι

158 587 200 641 tot
220 577 341 635 Satanae
361 569 474 629 furiosis
494 565 640 624 conatibus
651 563 763 623 videbat
775 562 837 622 fore
847 560 1015 632 obnoxium,
1036 565 1068 616 ut
1087 557 1198 636 vulgari
1208 557 1302 616 modo

159 667 235 720 stare
254 673 312 712 nou
331 653 436 730 posset.
467 641 532 704 Nou
552 651 647 702 tamen
668 634 798 725 displicet
817 641 905 702 altera
919 637 1061 718 expositio
1077 657 1165 716 quam
1184 637 1213 696 in
1224 655 1304 694 mar-

160 741 223 820 gine
243 731 356 792 notavi:
382 743 484 806 nempe
509 723 586 804 quod
603 721 714 796 fideles,
740 729 773 782 ut
793 740 823 780 ae
842 719 944 778 melius
964 717 1100 787 animent,
1119 715 1173 775 sibi
1192 735 1305 796 propo·

161 821 233 877 nunt
253 811 375 870 salutem
394 805 527 866 dexterae
546 801 602 862 Dei
622 821 685 861 esse
703 804 734 862 iu
753 798 975 873 fortitudinibus,
995 795 1051 856 hoc
1069 802 1122 872 est,
1142 797 1210 855 satis
1231 795 1306 854 vali·

166 897 231 956 dom
251 889 286 949 ad
306 885 464 968 superanda
484 883 602 962 quaevis
622 881 821 942 obstacula*
1088 905 1092 908 ·
1169 891 1172 902 ·

243 975 271 1033 8.
292 971 332 1028 In
351 986 451 1026 meran.
492 962 556 1021 lloe
580 959 616 1019 ad
641 961 738 1021 hostes
758 959 868 1020 israelis
893 977 952 1017 nou
971 955 1122 1034 restringo,
1142 959 1175 1014 nt
1194 954 1243 1012 alii
1263 955 1309 1012 in-

165 1057 315 1133 terpretes:
341 1045 390 1104 sed
414 1043 509 1124 potius
534 1041 631 1100 frdcles
657 1058 725 1100 eum
749 1041 860 1118 reliquo
885 1036 993 1097 mundo
1018 1035 1142 1094 conferri
1172 1034 1308 1092 arbitror.

167 1133 231 1194 lloc
250 1129 326 1188 euim
347 1124 456 1185 cunctis
475 1123 535 1182 fere
557 1117 723 1180 mortalibus
744 1117 873 1178 videmus
893 1136 955 1176 esse
975 1116 1142 1195 ingenitum,
1159 1120 1195 1173 ut
1214 1132 1308 1192 quan-

167 1215 203 1274 tis
222 1210 345 1290 quisque
365 1202 476 1284 opibus,
496 1201 632 1282 potentia,
652 1200 699 1258 vel
718 1197 885 1258 militaribus
906 1197 994 1277 copiis
1006 1193 1150 1275 praeditus
1169 1199 1224 1266 est,
1245 1200 1310 1252 tan·

168 1301 231 1352 tum
250 1283 392 1365 concipiat
411 1281 497 1340 animi
516 1291 547 1340 et
566 1277 694 1338 fiduciae.
734 1277 868 1337 Testatur
888 1295 955 1355 ergo
976 1275 1099 1355 populus
1118 1271 1176 1332 Dei
1196 1292 1228 1331 se
1248 1293 1311 1332 non

171 1359 280 1448 vulgari
300 1364 448 1423 hominum
467 1379 548 1420 more
568 1378 649 1438 spem
668 1355 779 1418 locasse
803 1359 834 1416 in
859 1359 945 1415 armis
970 1353 1017 1412 vel
1036 1351 1139 1413 bellico
1159 1359 1312 1432 apparatu,
1394 1353 1395 1434 t

143 1450 221 1512 ‘sed
240 1451 351 1505 tautum
375 1444 404 1502 in
429 1439 536 1499 auxilio
557 1435 621 1498 Dei.
661 1435 763 1515 Quum
787 1443 882 1496 autem
903 1434 974 1494 baec
998 1431 1055 1492 duo
1075 1435 1149 1491 inter
1167 1451 1199 1491 se
1220 1451 1312 1511 oppo-
1394 1449 1395 1496 ι

172 1531 214 1590 nit
229 1525 367 1606 Spiritus,
390 1518 549 1580 notandum
574 1523 631 1588 est,
656 1518 776 1576 simulac
800 1521 909 1576 mentes
933 1518 1044 1573 nostras
1069 1518 1192 1591 occupat
1218 1511 1313 1570 carnis
1394 1531 1395 1548 ι

174 1607 288 1678 fiducia,
307 1601 364 1660 Dei
384 1595 556 1659 oblivionem
577 1595 789 1676 quodammodo
809 1594 960 1654 obducere.
991 1590 1064 1652 Fieri
1084 1592 1160 1650 enim
1180 1611 1238 1649 non
1259 1611 1312 1671 po·
1394 1593 1395 1598 ’

174 1693 232 1748 test
251 1689 283 1742 ut
304 1681 353 1761 qui
377 1675 428 1738 sua
454 1679 560 1736 virtute
584 1675 710 1735 confisus
736 1676 884 1736 viatorium
909 1673 961 1732 sibi
986 1672 1139 1752 promittit,
1164 1671 1195 1729 in
1214 1668 1313 1729 Deum

175 1764 318 1846 respiciat.
347 1757 414 1818 ldeo
430 1755 610 1816 Recordandi
630 1755 719 1814 verbo
739 1757 829 1814 utitur
838 1752 895 1814 Pro
917 1753 992 1826 heta,
1011 1755 1043 1809 ut
1063 1749 1195 1810 ostendat
1214 1749 1314 1810 fideles
1394 1775 1395 1826 ι

177 1841 289 1906 nonnisi
309 1857 416 1898 vacuos
441 1835 573 1910 omuibus
597 1835 819 1916 impedimentis,
844 1831 879 1892 ad
898 1773 995 1890 l)eom
1020 1830 1181 1911 confugere.
1221 1827 1315 1888 Porro
1394 1849 1395 1916 ι

177 1925 250 1984 haec
268 1919 325 1983 liei
344 1915 503 1977 recordatio
528 1915 653 1994 primum
678 1913 785 1988 fideles,
810 1910 981 1992 quibuslibet
1005 1910 1094 1990 copiis
1115 1909 1251 1989 polleant,
1271 1927 1315 1966 re·

178 2001 266 2063 trabit
284 2005 379 2057 tamen
400 2013 417 2053 a
437 2011 511 2054 vana
531 1992 710 2064 confidentia,
728 2011 765 2051 ne
785 1993 853 2070 quid
874 1989 988 2050 aliunde
1025 2007 1090 2048 uam
1109 2007 1147 2046 ex
1166 2007 1245 2048 ruera
1257 1985 1316 2046 Dei

181 2081 270 2164 gratia
290 2078 465 2154 exspectent
506 2070 619 2134 Deinde
640 2071 664 2130 si
685 2069 816 2131 omnibus
837 2067 966 2128 subsidiis
987 2085 1020 2127 or
1039 2069 1078 2126 ati
1098 2069 1154 2126 siut
1178 2085 1213 2126 aa
1234 2065 1316 2125 desti-

180 2159 245 2228 tuti,
265 2151 415 2216 coufirmat
433 2153 528 2210 tamen
549 2156 581 2208 ut
599 2149 737 2232 intrepide
757 2155 787 2208 et
806 2153 969 2207 constanter
984 2143 1079 2207 Deum
1099 2147 1241 2207 invocent.
1272 2143 1317 2202 Si·

183 2237 241 2299 cuti
260 2251 374 2294 rursum
395 2229 506 2310 profani
526 2228 665 2302 homines,
686 2226 853 2287 ubitviribus
873 2225 992 2306 pollent,
1013 2223 1143 2305 superbia
1162 2225 1318 2295 excaecati,

182 2337 241 2378 nou
262 2311 392 2372 dubitant
412 2327 511 2368 seeum
535 2305 632 2368 Deum
656 2312 850 2368 contemnere:
881 2305 916 2364 ad
941 2304 1067 2385 inopiam
1097 2323 1167 2364 vero
1199 2303 1317 2376 redacti,

184 2397 285 2456 misere
305 2393 506 2470 expavescunt¹
547 2385 679 2466 Denique
699 2385 781 2445 uobis
806 2385 853 2444 hic
871 2383 928 2444 Dei
951 2384 1117 2450 memoriam
1136 2383 1319 2444 commendat

185 2475 319 2554 Spiritus,
343 2486 417 2548 quaa
441 2466 553 2525 tamin
572 2465 699 2526 nuditate
723 2482 810 2545 qnam
834 2464 863 2522 fn
888 2463 1129 2543 copiisvigorem
1149 2481 1233 2522 suum
1253 2463 1320 2521 reti·

186 2572 266 2624 nens,
285 2567 373 2607 vanas
393 2563 457 2626 spes
479 2545 581 2624 quibus
601 2547 692 2605 inflari
712 2545 785 2603 solet
809 2561 886 2616 caro,
911 2541 1032 2622 subigat.
1072 2541 1200 2602 Verbum
1220 2545 1319 2611 'tim

104 2677 108 2688 ,
188 2633 255 2713 quia
283 2634 327 2688 est
351 2627 380 2684 iu
404 2626 602 2705 coniugatione
626 2619 737 2708 Hipbil,
767 2625 913 2683 transitiva
943 2621 1058 2702 quidam
1082 2627 1241 2702 exponunt,
1264 2619 1320 2680 lle·

189 2709 300 2772 cordari
320 2705 464 2766 faciemus.
505 2701 563 2764 Sed
583 2698 650 2784 rpuia
670 2723 778 2765 novum
796 2722 855 2762 non
875 2707 919 2761 est
937 2701 1102 2761 neutraliter
1125 2703 1211 2760 etiam
1230 2701 1320 2782 accipi

190 2788 277 2850 verba
297 2783 374 2866 apud
393 2783 547 2860 Hebraeos,
573 2803 647 2922 (puae
670 2783 786 2865 proprie
809 2777 957 2842 trun'sitiva
982 2787 1063 2856 sunt,
1087 2780 1238 2862 amplexus
1257 2799 1322 2868 sum

191 2867 269 2952 quod
289 2865 430 2947 praesenti
450 2863 515 2923 loeo
535 2883 581 2923 me
593 2865 636 2924 ius
678 2861 823 2924 usdrabat.

184 2981 186 2989 v
271 2947 298 3008 9.
319 2947 363 3004 Hi
381 2949 530 3004 incarnati
547 2952 626 3007 suot.
690 2941 816 3002 robabile
840 2947 884 3002 est
907 2939 955 3000 hie
978 2945 1114 3021 tanquam
1134 2938 1222 3022 digito
1241 2959 1322 3000 moa·

192 3026 276 3087 stravi
295 3022 405 3084 israelis
426 3021 530 3096 hostes,
551 3024 600 3102 qui
615 3021 760 3082 Divinitas
779 3022 914 3102 prostrati
926 3019 1054 3094 'fueraut
1074 3039 1163 3100 quum
1181 3019 1254 3079 nihil
1272 3021 1322 3078 mi·

110 3121 114 3130 “
192 3125 248 3166 uua
267 3103 396 3163 futurum
415 3107 557 3182 putarent.
587 3100 692 3160 Subest
715 3107 810 3160 autem
829 3101 915 3160 tacita
933 3099 1078 3160 antithesis
1096 3101 1171 3160 inter
1189 3098 1325 3159 ferociam

195 3203 252 3264 qua
272 3182 308 3240 ad
322 3187 380 3240 tem
402 3200 435 3239 us
454 3181 523 3240 elati
541 3179 653 3240 fuerant
671 3179 778 3254 hostes,
798 3199 888 3259 quum
906 3179 1041 3239 audacter
1049 3180 1189 3238 irruerent
1207 3179 1245 3237 ad
1264 3197 1323 3238 cm·

195 3265 242 3324 aia
262 3259 367 3343 perdeu
388 3277 414 3334 a,
433 3265 462 3319 et
481 3259 581 3340 populi
599 3257 658 3319 Dei
676 3259 898 3339 oppressionem.
918 3257 1009 3318 Sicuti
1027 3259 1104 3318 enim
1123 3257 1250 3338 Surgere
1266 3277 1324 3317 non

196 3343 250 3402 nisi
275 3359 375 3399 eorum
399 3344 443 3397 est
468 3339 518 3418 qui
537 3341 617 3420 prius
642 3339 779 3414 iacebant,
801 3339 841 3397 ita
860 3336 1007 3397 incurvari
1030 3345 1059 3398 et
1078 3337 1187 3397 Cadere
1211 3337 1327 3418 proprie

197 3421 328 3480 dicamur
347 3435 420 3496 quos
440 3419 518 3498 prius
528 3437 579 3476 sua
589 3419 724 3478 securitas
743 3420 773 3478 iu
792 3417 911 3477 sublime
929 3417 1041 3478 extulit.
1070 3415 1147 3496 Ergo
1166 3415 1326 3476 ab'eventu

199 3500 282 3559 docet
292 3493 446 3578 Propheta,
458 3498 574 3576 'quauto
594 3499 681 3556 satim
701 3499 737 3556 sit
756 3516 822 3577 spes
841 3517 940 3559 omues
953 3495 1218 3558 nostrasadDeum
1239 3515 1328 3556 unum

198 3578 350 3660 applicare,
369 3595 456 3655 quarn
475 3578 596 3658 propriis
615 3575 723 3635 viribus
741 3577 832 3636 inniti.
1019 3591 1023 3622 ι
1181 3591 1186 3600 ”
1350 3631 1353 3635 .

279 3658 326 3718 10.
347 3657 457 3714 fetoso
475 3677 568 3716 seron
607 3653 734 3734 Quidam
753 3676 811 3716 uuo
831 3661 968 3717 contextu
991 3655 1100 3736 legrmt,
1122 3653 1229 3716 lehova
1247 3673 1329 3714 serva

119 3799 123 3814 ,
200 3734 323 3816 Regem:
343 3734 418 3794 forte
436 3737 503 3814 quia
523 3737 677 3796 absurdum
696 3735 752 3796 illis
771 3736 884 3796 videtur
902 3737 937 3796 ad
953 3735 1060 3818 Regem
1079 3744 1233 3810 terrenum,
1252 3734 1330 3814 quod

197 3814 258 3874 liei
283 3813 429 3894 proprium
454 3822 511 3887 est,
535 3814 694 3890 transferri,
719 3822 753 3875 ut
776 3817 884 3876 scilieet
906 3818 1056 3876 invocetur
1079 3823 1166 3896 atque
1188 3815 1330 3876 exaudiat.

204 3893 311 3954 Verum
336 3894 359 3951 si
384 3893 414 3950 in
434 3891 589 3970 Claristum,
613 3901 646 3954 ut
669 3901 792 3977 oportet,
817 3897 980 3956 conficimus
1004 3896 1113 3972 oeulos,
1131 3914 1191 3956 non
1210 3896 1263 3955 erit
1282 3913 1333 3952 erar

202 3975 338 4035 miremur
356 3969 462 4031 Davidi
486 3980 515 4033 et
538 3977 600 4034 eius
624 3975 848 4049 adsumentibus,
871 3983 1012 4055 quatenus
1036 3993 1187 4056 pmsonam
1206 3975 1267 4034 eius
1287 3991 1334 4053 ge·

204 4057 324 4125 starunt,
349 4069 400 4132 par
424 4053 635 4113 similitudinem
660 4053 775 4113 attribui
799 4055 932 4134 quadiu
954 4057 1048 4136 ipsum
1072 4055 1216 4135 competit.
1257 4051 1334 4131 Quia

205 4137 302 4193 autem
321 4148 372 4211 per
390 4130 452 4190 eius
472 4151 588 4192 manum
607 4151 660 4192 uos
679 4135 751 4213 regit
770 4131 850 4212 Deus
875 4151 909 4194 ac
928 4124 1037 4209 ravat,
1061 4155 1119 4194 non
1132 4133 1253 4194 aliunde
1271 4151 1334 4214 apc-

204 4211 295 4272 randa
312 4217 357 4270 est
376 4205 461 4269 adds.
501 4211 583 4272 Sicut
602 4213 687 4275 etiam
696 4211 795 4273 fideles
814 4213 883 4274 olim
902 4213 939 4273 ad
958 4211 1066 4296 Regem
1084 4233 1179 4286 mum,
1198 4219 1335 4292 tanquam

13 4363 14 4374 ἵ
120 4301 133 4309 “
207 4287 350 4350 salvificae
369 4287 425 4348 Dei
444 4293 550 4370 gratiae
569 4294 738 4364 ministrum,
763 4291 918 4374 confugere
934 4293 1071 4354 sotebant.
1111 4292 1187 4354 lituo
1205 4292 1276 4352 ulau
1296 4291 1336 4350 fe·

105 4419 107 4426 .
208 4367 314 4430 remim
333 4365 438 4430 Thren.
458 4369 487 4450 4,
506 4373 554 4435 20.
575 4370 654 4454 quod
672 4373 752 4452 priua
772 4373 867 4449 citavi,
886 4371 1010 4455 Spiritus
1030 4375 1087 4435 oria
1106 4373 1196 4436 nostri
1208 4370 1336 4432 curuans
