2818 4886
87 181 93 205 l
168 198 238 320 'las
299 262 302 271 ’
494 281 497 288 -
606 261 892 304 acerranos

186 353 415 464 conlidentibus
437 377 574 471 inipso.
615 379 670 448 32.
693 381 853 466 Quoniam
879 382 951 474 quis
972 381 1063 451 Deus
1087 396 1214 475 praeter
1236 383 1323 454 lelro
1392 437 1393 470 ι

185 489 247 556 vai
268 497 301 556 et
323 487 394 578 quis
415 486 505 556 fortis
527 495 650 578 praeter
659 484 766 554 Deum
787 487 957 556 nostrum?
977 489 1030 558 33.
1052 488 1143 558 Deus
1160 491 1215 583 qui
1238 516 1325 584 prae

47 636 102 684 r⁸
185 592 283 666 cinxit
304 616 357 662 rne
378 592 503 680 virtute,
524 603 556 662 et
577 592 684 684 posuit
704 592 857 686 integram
878 593 964 664 viam
985 619 1098 664 means.
1181 663 1188 678 ,

264 776 312 836 29.
335 778 415 848 Quia
433 781 468 834 iu
486 773 672 834 illuminatis
711 769 804 832 Paulo
828 775 992 854 expressior
1011 782 1055 836 est
1073 775 1208 858 horrendi
1228 778 1323 840 forma

184 856 215 916 in
235 851 366 927 Centies,
386 852 435 912 ubi
453 851 534 914 Deus
552 872 612 912 non
630 851 778 912 lucernam
801 849 905 914 dieitur
924 855 1094 932 accendere,
1119 857 1169 918 sed
1188 859 1252 939 ipse
1272 879 1323 920 vo-

185 942 268 996 eatur
287 934 419 1027 lusorum·
441 951 540 1023 sensns
565 938 663 1026 l³¹¹l⁶¹¹
686 930 798 1026 eodem·
807 931 896 1006 redit,
920 953 1024 1029 nempe
1051 934 1159 998 laetum
1181 957 1246 1000 essa
1264 935 1324 1000 Dei
1392 935 1393 982 i

183 1010 765 1176 adscititiat‘tit‘ottttttt
783 1011 1092 1172 astiludiis
1114 1013 1322 1178 {diali

182 1173 348 1234 lustraverit
370 1161 431 1230 aisis
455 1169 594 1234 tenebras.
634 1168 735 1248 ltaque
760 1167 866 1232 latetur
884 1168 980 1232 David
1003 1171 1034 1233 in
1058 1193 1106 1234 aas
1124 1179 1272 1256 angustias
1292 1197 1323 1239 se
1392 1189 1393 1194 ’

182 1253 340 1325 sedentum,
363 1257 397 1310 nt
415 1251 514 1310 similis
539 1255 613 1310 osset
636 1248 747 1329 perdito
771 1267 806 1309 ae
830 1241 992 1330 desperato:
1012 1271 1060 1314 res
1079 1255 1156 1316 enirn
1174 1258 1322 1329 confusas,

182 1331 306 1392 tenebris
325 1327 480 1410 comparat.
520 1328 620 1390 Potest
661 1329 755 1388 uidem
774 1327 831 1388 hoo
848 1348 902 1410 per
920 1341 1067 1412 anagogen
1086 1333 1123 1394 ad
1139 1335 1319 1415 spirituatem

171 1412 286 1474 ‘mentis
310 1349 727 1489 illuminationemtranslerri:
752 1407 804 1468 sed
827 1407 940 1470 interim
959 1411 1148 1494 spectandum
1165 1415 1235 1494 qnid
1254 1426 1321 1497 agat

181 1490 287 1564 David,
306 1509 343 1552 ne
362 1509 379 1548 a
399 1491 522 1570 genuino
546 1489 607 1550 eius
630 1505 716 1550 sensu
735 1487 910 1550 roeedamns.
940 1483 1202 1566 'Quemadmodum
1222 1503 1319 1556 summ

181 1571 311 1652 agnoseit
328 1589 360 1630 so
378 1563 435 1664 Dei
454 1569 571 1642 favore,
582 1589 640 1630 uon
660 1586 742 1628 seous
761 1585 796 1628 ee
814 1567 879 1628 tuoe
898 1567 1023 1645 vivifiea,
1041 1571 1128 1632 tonse
1147 1582 1318 1668 neumatum,

181 1668 465 1796 limittit
478 1646 1316 1807 idptrdtttstfflttitottltdttf

182 1816 254 1872 tuat.
292 1807 409 1868 Interim
435 1827 472 1868 ne
497 1807 652 1890 molestam
677 1807 715 1866 sil
737 1822 790 1888 per
815 1803 944 1866 tenebras
967 1808 1022 1868 iter
1040 1807 1149 1888 lacere,
1168 1812 1255 1876 modo
1275 1814 1316 1874 ln·
1392 1813 1393 1876 ἶ

181 1907 284 1952 oernae
303 1890 381 1948 vices
400 1887 483 1948 nobis
502 1893 628 1968 praestet
638 1883 728 1947 Deus.
767 1883 906 1946 Proximo
919 1906 1005 1948 versa
1024 1906 1090 1949 snas
1108 1893 1242 1952 victorias
1252 1891 1317 1955 Deo

181 1967 316 2030 adsoribit
335 1967 413 2048 qaod
433 1969 496 2047 ipso
516 1965 589 2026 dnos
607 1965 774 2062 perfregerit
793 1984 899 2033 euneos
913 1961 1039 2028 hosdnm
1057 1969 1270 2052 setphalmgoe
1288 1981 1319 2034 et
1374 2017 1377 2022 .

120 2080 122 2092 ·
181 2049 267 2110 nrbes
286 2050 410 2108 munitas
428 2053 646 2128 expugnarent:
666 2045 706 2106 ita
724 2043 864 2120 videmus,
887 2049 1070 2126 quantumvis
1089 2057 1223 2112 strenuus
1243 2060 1319 2114 esset

181 2127 317 2200 bodalus,
342 2145 410 2187 eum
434 2133 531 2188 tamen
555 2123 626 2184 nihil
650 2123 703 2184 sibi
729 2141 871 2202 arrogare.
909 2123 942 2184 ln
969 2127 1318 2208 temporibus,verborum

181 2207 239 2268 lsoo
263 2205 352 2266 semel
376 2210 491 2266 teneant
513 2204 650 2278 lectores,
674 2201 856 2283 praeteritum
875 2207 906 2264 et
924 2201 1055 2266 laturum
1072 2206 1193 2270 subinde
1211 2211 1243 2270 in
1262 2211 1319 2270 hoo

180 2285 297 2348 Psalmo
307 2285 468 2365 promiscue
477 2283 621 2364 usurpari:
645 2302 706 2342 non
719 2281 909 2362 tantumquia
918 2281 1182 2360 diversashistorias
1192 2289 1319 2370 eomple-

180 2367 268 2428 otitur
287 2363 392 2436 David,
411 2363 547 2442 sedqu'm
566 2381 598 2422 se
616 2361 715 2422 statuit
734 2361 813 2422 velut
832 2358 862 2422 in
880 2380 913 2424 re
928 2365 1080 2443 praesenti,
1098 2373 1129 2426 et
1147 2369 1318 2430 eoutinuum

180 2452 311 2508 unorum
330 2444 436 2524 gratim
455 2441 512 2502 Dei
531 2441 616 2502 simul
634 2441 770 2502 contexit.

261 2527 309 2586 31.
328 2525 389 2584 Dei
406 2531 527 2606 ieiegm
545 2529 596 2582 oia
613 2528 664 2582 est.
704 2517 759 2580 Via
779 2515 840 2600 Dei
863 2519 911 2580 hio
934 2541 993 2582 non
1018 2542 1072 2604 pro
1098 2521 1242 2602 doctrina,
1267 2527 1318 2588 sed

181 2605 293 2666 ratione
319 2602 422 2682 agendi
474 2621 539 2662 uam
563 2607 640 2662 tenet
664 2618 731 2680 erga
761 2619 843 2674 suos,
873 2599 992 2680 eapitur.
1031 2599 1142 2676 Sensus
1169 2625 1238 2686 orgo
1263 2615 1317 2682 est,

108 2747 111 2751 ,
181 2683 279 2744 Deum
298 2623 585 2761 nunquamlrustruri
601 2699 699 2740 servos
718 2699 796 2753 suos,
814 2679 1019 2761 nequeinipso
1038 2683 1156 2745 articulo
1177 2685 1318 2764 deserere,

180 2763 266 2824 sirati
284 2760 413 2822 homines
438 2760 587 2822 otiantibus
614 2760 672 2820 sois
693 2777 778 2838 opem
802 2779 861 2834 non
879 2757 976 2820 ferant
994 2761 1049 2820 nisi
1068 2770 1208 2842 quatenus
1228 2785 1319 2847 expe·

181 2843 236 2904 dit:
257 2842 308 2904 sed
327 2839 479 2902 bonafide
498 2841 572 2900 tueri
590 2858 664 2919 quos
674 2839 800 2919 suscepit
818 2839 848 2912 in
867 2857 950 2902 suam
964 2838 1059 2902 fidem.
1090 2839 1228 2906 Ceterum
1247 2849 1317 2926 quia

181 2921 264 2984 nobis
283 2941 350 2982 enm
369 2919 435 2980 Deo
454 2919 524 2980 nihil
542 2925 619 2980 esset
637 2917 753 2998 negotii,
770 2917 827 2981 nisi
846 2937 913 2978 oum
932 2919 1020 2979 ambo
1040 2940 1093 2980 sno
1112 2921 1197 2984 nobis
1216 2944 1317 2986 oecur-

181 3009 270 3064 reret:
290 3002 356 3062 ideo
366 2998 462 3060 David
480 2997 634 3081 postquam
643 2997 771 3074 assensit,
790 2995 872 3058 Deus
890 3019 949 3058 non
970 2997 1107 3060 fallaciter
1124 2995 1317 3080 iuraremus,

182 3081 268 3142 simul
291 3080 383 3146 addit.
408 3099 570 3140 sermonem
595 3082 655 3138 eius
674 3096 737 3138 esse
756 3083 918 3158 purgatum.
958 3077 1098 3155 Sciamus,
1116 3083 1234 3148 minima
1251 3104 1317 3146 esso

182 3160 369 3222 dubitandum
394 3161 465 3239 quin
489 3177 520 3220 se
538 3155 619 3217 Deus
643 3157 785 3236 integrum
809 3157 912 3218 effectu
935 3159 1000 3298 idm
1024 3173 1316 3256 erganospraestet,

182 3243 250 3321 quia
274 3239 417 3320 pollicitus
440 3244 485 3298 est
515 3235 578 3299 lora
601 3235 701 3296 salutis
724 3241 837 3298 nostrae
860 3243 940 3296 custo
960 3257 1019 3304 ems
1043 3259 1105 3300 erus
1127 3248 1224 3305 antem
1249 3265 1316 3324 pro.

181 3320 279 3382 missio
303 3325 380 3378 oerta
406 3323 450 3377 est
475 3317 588 3376 veritas.
627 3312 719 3376 Porro
743 3313 791 3374 hio
809 3335 860 3394 per
880 3313 1057 3392 Sermonem,
1076 3339 1134 3380 non
1153 3341 1257 3402 praees
1278 3332 1317 3396 ta,

181 3400 234 3460 sed
253 3398 454 3479 promissiones
479 3394 613 3496 intelligi,
637 3413 675 3455 ex
707 3395 832 3490 'roximo
855 3396 984 3492 membro
1004 3399 1158 3479 colligitur,
1177 3401 1229 3478 ubi
1246 3345 1317 3499 dicit

181 3475 639 3636 simonianam·
652 3473 1317 3648 „mllldlsillimollllfflnlrwdwlmt

181 3638 274 3700 sooria
297 3655 349 3696 sua
359 3635 500 3776 ¹¹purgatis
523 3633 572 3696 sed
597 3639 696 3696 nosue
718 3633 867 3694 infidelitas
892 3634 959 3696 tacit
979 3643 1011 3697 ut
1030 3635 1111 3701 Deus
1130 3637 1183 3700 sub
1225 3661 1260 3714 aa
1279 3643 1315 3702 si-

181 3715 341 3782 militudine
381 3715 548 3776 demonum
571 3712 721 3794 magnifiee
746 3707 940 3776 commendet:
961 3717 1028 3796 quia
1046 3717 1118 3780 nilril
1137 3721 1228 3802 magis
1247 3742 1314 3802 pro·

180 3797 256 3858 eliae
274 3802 327 3871 est,
346 3796 458 3876 quoties
476 3794 538 3875 spei
561 3801 676 3856 nostrae
693 3800 812 3855 eventus
835 3815 895 3854 non
918 3795 1080 3876 respondet,
1122 3817 1187 3858 narn
1207 3807 1241 3860 ut
1260 3801 1314 3862 im·

181 3879 247 3962 piae
265 3875 302 3936 de
319 3873 407 3936 verbo
426 3872 483 3936 Dei
503 3872 691 3934 dubitationes
715 3876 812 3936 statim
830 3873 916 3936 suabis
940 3874 1087 3957 obrepant.
1100 3819 1241 3959 qlieliqua
1265 3899 1314 3961 pa-

181 3963 246 4019 tant
264 3954 398 4016 Leetores
416 3974 455 4015 ex
473 3953 588 4014 Psalmo
608 3955 656 4015 12.

261 4039 310 4098 32
332 4041 481 4110 Quoniam
498 4041 564 4116 orsu
582 4035 673 4095 Dm.
712 4031 767 4094 llio
833 4033 882 4094 rid
904 4035 984 4106 ranis
1003 4033 1152 4098 hominnm
1170 4037 1314 4118 tigmentis

122 4179 125 4188 ,
179 4115 331 4188 insultam,
354 4115 406 4194 qui
428 4120 534 4174 temere
557 4110 609 4172 sibi
634 4111 790 4188 lubricant,
825 4115 926 4174 talares
952 4113 1036 4189 deos,
1060 4115 1210 4178 confirmat
1235 4119 1314 4200 quod

182 4197 263 4280 prius
281 4193 349 4268 dixi,
368 4211 400 4252 so
418 4191 489 4252 nihil
506 4210 633 4273 unquam
644 4229 646 4234 ·
658 4193 714 4252 nisi
731 4189 789 4252 Dei
807 4194 939 4273 auspiciis
957 4201 987 4254 et
1005 4195 1139 4257 mandato
1158 4195 1246 4272 inisse
1264 4217 1313 4278 ag-

182 4293 320 4355 gressum,
338 4271 440 4332 n'amsi
458 4291 623 4354 progressus
643 4279 717 4333 esset
735 4271 809 4332 ultra
818 4273 975 4334 vocationis
994 4282 1094 4352 metas,
1112 4295 1172 4336 non
1189 4277 1315 4338 licuisset

182 4360 261 4416 tantu
283 4353 388 4416 fiducia
406 4349 503 4414 Deum
527 4354 558 4412 in
582 4357 678 4433 partes
701 4370 768 4414 suas
792 4351 913 4416 trahae.
954 4351 1127 4436 Quanquam
1146 4362 1244 4420 auten
1262 4357 1313 4418 uni
