2748 4890
376 315 382 330 Ν
450 273 771 316 reassumam.
1117 281 1170 336 323

12 393 222 456 mdrmmter
239 384 532 458 rossanen-vtica
569 397 669 478 Atqu
688 401 802 459 iterato
820 401 953 498 exemplo
973 421 1026 463 uos
1045 405 1081 464 ad
1101 404 1172 466 fidu·
1212 411 1213 416 ’
1257 433 1260 446 ·

12 475 108 534 eiam
129 475 240 534 excitu
259 481 289 534 ct
308 475 398 556 erigut,
423 477 490 556 quia
511 476 634 537 boatium
654 485 816 538 nostrorum
836 483 952 541 martio
972 503 1030 564 quo
1049 485 1173 565 iniquior
1283 521 1290 534 ·
1332 513 1337 526 ·

10 561 88 626 esi,
109 554 178 635 plus
198 552 281 614 uobis
299 554 409 614 isauria
428 555 622 651 apuchnm
642 559 783 618 conciliat.
815 558 917 621 Forma
933 563 1016 622 etiam
1037 564 1172 644 impreca-

13 636 119 694 tionis
131 653 230 774 quauta
249 633 469 695 mudule-lucrat
489 635 600 710 odium,
624 643 761 696 tutatur:
786 639 865 717 quod
882 659 947 718 ,nou
973 644 1026 702 uisi
1046 644 1173 720 interitu,

133 714 140 730 '
162 731 211 774 ena
235 713 388 794 probroso,
400 715 519 796 plurari
544 723 649 798 puteat.
686 716 836 798 cuperent
853 721 1006 781 murana
1025 741 1090 783 oum
1109 725 1173 810 ipso

13 721 201 856 fulcaldum
221 795 282 854 οἰιιο
305 792 402 854 dunt.
415 844 430 853 ..
445 791 543 872 Quod'
557 792 691 875 proximo
710 815 795 857 rerau
819 800 962 878 nequitur,
986 801 1022 860 ad
1047 801 1172 882 perfidos

13 871 1023 1034 emittm?ttnlfflsttttlttltizldtuti:
1030 884 1171 1040 title
1247 933 1252 958 ·

14 1031 763 1175 terentinitttzatbffitltt
777 1037 1171 1200 &inplebant
1210 1179 1214 1186 ,

16 1192 169 1252 mendum
195 1192 245 1272 qui
269 1191 513 1256 malitiarurtucm
537 1199 637 1273 tegunt
661 1201 691 1254 et
706 1195 827 1268 *lorent,
856 1215 944 1276 seque
967 1198 1110 1259 insinuaut
1134 1199 1171 1259 ad

17 1269 213 1334 nocendum,
225 1269 385 1351 Postquam
404 1291 473 1352 ergo
493 1272 529 1332 de
548 1271 681 1350 boatibos
695 1275 851 1335 manifestis
870 1281 1114 1356 conquestorem
1133 1277 1171 1338 ud

17 1351 180 1418 simulatos
200 1352 307 1412 auricus
327 1350 483 1426 descendit,
510 1371 583 1431 quos
607 1353 675 1413 dicit
697 1372 755 1414 uun
776 1354 833 1414 ulio
851 1353 908 1415 linc
928 1357 1039 1432 venire,
1064 1359 1118 1418 ulai
1137 1365 1170 1418 ut

18 1433 213 1492 mandaciter
231 1432 407 1513 loquruotrrra
427 1431 540 1494 iuterim
559 1431 671 1494 lmudcc
689 1433 720 1494 tu
740 1433 872 1494 cordibus
891 1451 1023 1510 versura,
1040 1437 1170 1518 adeoque

16 1512 376 1676 magnarum
395 1519 597 1598 aquatores:
615 1511 770 1653 perfidiam.
781 1531 851 1576 reru
870 1533 953 1576 suam
971 1515 1101 1597 prodere,
1119 1517 1169 1579 obi

77 1882 81 1890 .
117 1833 153 1899 8.
197 1827 309 1896 Simul·
331 1830 502 1899 adaman
535 1853 588 1899 mc
619 1843 785 1900 susurrant
817 1855 930 1905 omues
956 1853 1066 1902 osores
1094 1832 1169 1916 mei,

25 1957 129 2025 super
149 1957 203 2003 me
231 1935 376 2028 cogitant
395 1936 518 2004 malum
544 1935 632 2004 mihi.
677 1936 708 2006 9.
742 1936 877 2036 Facipus
899 1937 999 2030 Belial
1020 1939 1167 2006 adhaeret

25 2041 67 2124 ei,
91 2051 126 2110 et
149 2039 203 2132 qul
224 2041 314 2126 iacet,
334 2066 402 2112 nou
424 2043 517 2112 addet
540 2054 577 2111 ut
599 2053 747 2134 resurgat
772 2044 824 2112 10.
846 2043 950 2112 Etiam
965 2029 1065 2114 bomo
1083 2043 1167 2136 pacis

22 2169 118 2215 meae
141 2148 176 2214 in
197 2171 263 2239 quo
286 2149 420 2240 speravi,
441 2149 613 2220 comedens
634 2173 753 2242 punem
768 2171 888 2235 mcum,
909 2161 1018 2219 contra
1040 2175 1094 2218 me
1115 2173 1167 2218 ex·

22 2253 95 2322 tulit
120 2253 313 2323 calcaneum.
354 2341 356 2348 Ι
548 2267 550 2276 ’
1092 2281 1094 2288 ’
1280 2240 1284 2248 ’

102 2401 138 2463 8.
158 2403 257 2460 Simul
274 2403 502 2476 adamaem'sae,
521 2411 573 2464 dc.
604 2401 781 2462 Generaliter
799 2419 876 2462 nunc
895 2401 1166 2481 videturutroaque

23 2480 191 2560 complecti,
208 2487 268 2540 tam
277 2481 330 2559 qui
344 2481 439 2561 palam
453 2487 483 2541 et
498 2480 637 2541 hostiliter
651 2481 797 2546 tentabant
811 2501 878 2542 eum
892 2482 1061 2563 opprimere,
1076 2499 1164 2560 quam

23 2561 72 2639 qui
91 2559 152 2620 snb
172 2559 311 2620 amicitiae
330 2565 481 2640 praetextu
500 2561 599 2622 dolose
618 2569 649 2620 et
667 2580 719 2641 per
737 2559 851 2620 insidias
870 2560 945 2622 idem
965 2559 1164 2620 machinaban-

22 2645 76 2698 tur.
124 2637 203 2700 Dicit
221 2658 290 2720 ergo
311 2639 347 2700 de
366 2659 420 2700 auo
439 2640 528 2700 exitio
547 2659 698 2700 sermones
712 2640 747 2700 ab
768 2639 900 2700 omuibus
919 2639 1057 2712 matun,
1080 2639 1164 2698 sicuti

23 2719 128 2778 multis
147 2719 270 2778 susurris
290 2718 413 2800 improbi
432 2719 560 2780 homiues
581 2720 656 2780 ultro
677 2723 807 2800 citroque
825 2739 891 2780 suaa
911 2720 1085 2802 proditiones
1104 2719 1163 2798 agi-

24 2804 91 2858 tant.
117 2795 189 2858 Ideo
203 2795 282 2858 addit
295 2801 452 2882 cogitandi
466 2799 594 2876 verbum,
616 2819 679 2880 quo
695 2817 841 2882 perversas
860 2807 889 2860 et
908 2799 1041 2860 acclamas
1061 2817 1162 2858 eorum

23 2877 249 2938 consultationes
264 2875 353 2938 notat.
375 2877 519 2954 Ceterum,
539 2899 576 2938 cx
595 2879 824 2960 proximaversu
844 2885 931 2960 putet,
950 2879 1017 2938 ideo
1036 2877 1076 2937 sic
1096 2895 1162 2938 con·

23 2959 148 3038 spirasse
172 2959 202 3017 ln
226 2958 287 3017 eius
301 2959 478 3040 perniciem,
508 2959 587 3038 qnod
615 2958 770 3038 reprobum
794 2959 937 3018 bominem
962 2957 1098 3017 ducerent
1122 2956 1162 3016 di·

24 3055 173 3118 guumque
192 3037 271 3097 mille
290 3037 437 3100 mortibus.
469 3039 567 3118 Atque
586 3037 657 3098 baec
676 3038 797 3118 superba
817 3038 962 3110 insultatio
975 3051 1020 3096 'cx
1038 3035 1163 3116 maligno
1241 3071 1253 3086 ι
1278 3111 1283 3117 .

24 3117 70 3176 illo
89 3117 201 3177 iudicio
221 3119 374 3194 oriebatur,
394 3119 475 3178 cuins
490 3119 520 3177 iu
535 3119 674 3198 principio
689 3116 794 3178 Psalmi
809 3119 945 3178 meminit.
966 3115 1074 3176 Dicunt
1093 3133 1162 3210 erpo
1192 3189 1193 3196 ἵ

20 3195 270 3276 [αοίῃωἛσὶῑαΙ
287 3203 383 3258 tenero
403 3210 471 3258 eam
490 3197 657 3258 conclusum
676 3205 705 3259 ct
724 3198 803 3258 velut
822 3204 975 3258 coarctare.
1001 3193 1065 3254 Hoc
1084 3213 1161 3254 emm

25 3275 300 3358 propr-icarignifioet
318 3276 437 3337 verbum
456 3279 535 3379 W*
554 3275 701 3338 Hebraeis
724 3275 899 3358 Quanquam
918 3277 949 3336 iu
968 3275 1099 3336 vomicae
1118 3291 1160 3335 ae·
1226 3277 1229 3284 “

25 3365 133 3436 quotus
153 3375 218 3416 sum
238 3356 316 3436 quod
336 3359 426 3438 magia
446 3363 592 3438 receptum
612 3364 681 3417 erac
719 3422 722 3430 ,
813 3397 815 3404 -
1257 3367 1266 3397 ⁸

100 3439 131 3500 9.
153 3437 304 3497 Adicere!
323 3445 359 3497 ei.
399 3434 486 3514 Quod
507 3437 554 3496 alii
573 3435 705 3507 reddunt,
734 3433 847 3496 Fundet
865 3437 895 3496 iu
915 3453 991 3508 eum,
1009 3435 1093 3494 nimia
1113 3451 1159 3494 co-

27 3521 119 3576 actum
144 3515 267 3577 videtur.
307 3514 356 3576 Dc
379 3513 452 3576 v'oce
475 3515 564 3575 Belial
588 3517 712 3576 diximus
737 3513 852 3575 Psalmo
873 3519 922 3580 18.
961 3513 1039 3594 Quia
1060 3519 1160 3573 autem

26 3591 209 3655 Grammalici
227 3596 416 3676 compositum
442 3615 503 3655 case
523 3595 624 3655 volunt
643 3615 680 3655 ex
700 3565 769 3664 'iffi
789 3603 818 3654 ct
837 3573 913 3668 Ψ,
934 3594 1012 3675 quod
1032 3599 1075 3654 est
1095 3591 1161 3652 Non

27 3673 207 3748 adscendere,
227 3674 348 3739 verbum
368 3677 481 3736 Brittol
502 3674 559 3734 hoc
582 3677 650 3735 loco
670 3677 841 3754 interpretor
863 3675 956 3733 scelus
980 3671 1161 3754 inexpiabile,

27 3753 68 3812 rel
85 3772 103 3813 a
123 3773 185 3834 quo
204 3773 263 3814 non
283 3756 321 3813 ait
340 3771 501 3834 maus:
521 3755 574 3814 uisi
594 3756 668 3814 iorte
688 3755 752 3834 quis
772 3754 808 3812 nd
823 3753 956 3813 olademi
977 3773 1037 3813 caru
1053 3751 1159 3812 reterre

28 3833 109 3908 malit,
129 3834 189 3893 acsi
209 3833 336 3894 dicerent
354 3833 462 3907 bustu,
482 3834 559 3894 rualo
578 3833 725 3892 insanabili
745 3834 907 3914 constriugi.
947 3773 1093 3912 6uicquid
1113 3831 1159 3905 ait,
1214 3858 1216 3866 ¹

29 3915 152 3972 statuunt
171 3911 266 3982 Deum
287 3931 406 3992 prorsus
426 3913 559 3973 inlautum
578 3931 642 3973 ease
660 3911 779 3988 Doridi,
804 3921 833 3972 et
856 3913 918 3973 iore
941 3910 1158 3994 implacabilem,

29 3991 88 4068 qula
106 3999 167 4051 tam
187 3993 324 4052 atrociter
341 4011 411 4054 eum
435 3995 543 4074 puniat.
583 3991 658 4052 Nam
681 4011 761 4072 spem
785 3992 909 4054 melioris
935 3992 1065 4052 tortuose
1088 4007 1158 4048 mox

29 4071 190 4146 praecidunt
214 4070 270 4132 boc
290 4072 396 4145 verbo,
419 4095 481 4133 ooo
506 4074 624 4134 adiiciet
648 4081 681 4132 ot
701 4081 849 4154 naargot.
890 4071 955 4132 Fuit
973 4077 1068 4132 autem
1088 4067 1162 4156 baec

29 4166 80 4206 uon
100 4151 170 4210 levis
189 4152 323 4224 tametio,
353 4171 444 4234 quum
469 4151 522 4212 sibi
547 4161 625 4212 recte
651 4152 782 4212 oonsdus
801 4157 890 4224 meet,
914 4153 956 4210 sic
979 4147 1157 4230 praecipitari

30 4223 170 4290 homiuum
190 4231 485 4312 damnationemque
504 4229 540 4291 ad
559 4231 676 4292 ultiouis
695 4230 815 4297 interos,
839 4231 888 4290 sed
907 4231 946 4288 itu
966 4229 1073 4308 placuit
1091 4224 1174 4286 Dco'
1217 4275 1223 4288 .

31 4323 137 4368 warum
156 4329 241 4370 mam
261 4309 394 4392 probare,
413 4317 447 4370 ut
466 4315 615 4372 contentus
635 4311 709 4370 bonu
725 4311 895 4370 couscientia
909 4307 994 4368 nullia
1008 4307 1156 4368 bominum

31 4387 133 4462 probris
156 4387 277 4451 ceddret.
317 4391 449 4451 Accius
474 4410 591 4472 quoque
614 4387 748 4472 exemplo
767 4408 820 4450 nos
840 4388 941 4448 docem
959 4384 1155 4462 voluit,·alibi
