2726 4888
426 297 817 363 serenorum*
1124 322 1181 382 effi

72 447 113 503 ¹2.
145 443 309 524 Exsurget
329 443 418 503 Deua.
458 442 523 503 Hoc
539 444 741 524 'primo'vcmu
782 447 844 505 uari
862 433 1009 527 praefatur
1026 445 1190 508 imeid'de'

7 523 135 602 [uibus
160 523 250 582 rebus
271 523 406 584 disserere
419 525 488 584 velit
507 527 535 584 iu
557 522 746 584 bocPsaimo.
796 540 846 585 aec
865 521 1048 598 summersi,
1065 523 1179 605 'Quam'-

7 605 56 660 ris
70 601 172 661 Deus
194 601 240 660 ai'
251 608 364 682 tempus
385 603 521 682 quiescat,
541 605 634 682 impiis
655 611 788 684 proterve
807 611 836 665 ct
855 601 1007 665 crudeliter
1021 605 1178 670 Ecclesium

7 681 246 763 affligentibus,
268 681 382 740 undem
403 701 517 762 surgere
534 683 690 744 vindicem:
715 690 747 742 et
764 687 833 744 satis
854 703 916 745 esse
936 681 1070 766 praesidii
1088 687 1176 746 fidum

7 781 71 821 uns
107 765 151 820 in·
176 764 242 820 mur
272 761 379 822 auxilio
409 763 528 822 ursulae
556 779 673 822 manum
701 779 782 823 suam
806 771 905 826 contra
928 767 1039 846 impios·
1056 771 1176 828 ‘omont

7 839 117 918 Quod
147 843 321 901 sententiam
349 840 422 900 banc
440 861 478 901 er
498 841 579 903 Mese
599 839 686 902 Nom.
706 847 754 916 10,
774 844 822 906 35.
849 860 863 902 s
934 853 992 903 tum
1019 839 1177 931 inisse'pu·

7 928 83 980 tant
107 922 297 1000 interpretes,
316 919 437 980 libenter
455 921 610 982 subscribo.
627 920 697 982 'Nec
718 923 792 982 enim
813 861 1020 983 mmmmm
1041 933 1087 986 est
1106 931 1177 1006 ipio

7 1001 125 1064 Moses
147 996 256 1060 meniis
276 1001 407 1060 omnibns
427 1001 574 1062 dictaverit
592 1001 726 1083 precandi
746 1003 882 1063 termam:
906 1011 940 1063 ot
953 1004 1016 1066 ireti
1028 1020 1093 1064 osea
1115 1007 1174 1067 ioe-

9 1082 104 1141 deris
127 1079 243 1154 fideles,
263 1085 399 1159 tanquam
409 1081 512 1140 visibili
526 1073 701 1160 praesentiae
711 1079 767 1140 De·
787 1082 929 1162 symbolo,
949 1085 1063 1144 sectos
1075 1087 1176 1146 seiros
1295 1107 1299 1120 ·

10 1157 316 1220 confidentissime
334 1166 446 1221 mnium
465 1161 615 1222 discrimen
635 1161 793 1220 notandum
813 1169 866 1236 est,
884 1161 1176 1243 quodltleses·i)eom

11 1245 129 1322 ipsum
152 1239 333 1319 compellans
350 1245 495 1320 precatur:
526 1237 624 1300 David
648 1247 744 1300 eutem
769 1259 802 1302 re
821 1243 882 1322 ipsa
897 1241 1176 1326 ·boo··qrotiiie·ins·

10 1319 102 1401 pleri
124 1318 267 1400 gloriatur
284 1325 316 1378 ct
332 1320 420 1379 canit.
449 1318 524 1381 Nam
544 1321 595 1401 qui
613 1327 728 1380 vertunt
746 1320 777 1382 io
796 1322 887 1381 modo
905 1321 1058 1392 buiiandle
1069 1323 1175 1384 Exodo

13 1407 74 1479 gat
87 1398 192 1458 Dosse
211 1415 271 1458 non
288 1400 358 1458 salis
376 1397 588 1460 mibiridentur
607 1400 642 1460 ad
662 1402 723 1460 eius
742 1401 892 1462 consilium
912 1403 1066 1466 monuero
1082 1403 1176 1464 ”Haec

13 1482 108 1539 enirn
139 1494 256 1537 summ
280 1485 346 1558 est„
365 1473 548 1560 Experieotia
574 1496 674 1539 verum
701 1478 836 1561 cognosci
860 1483 939 1562 quod
964 1483 1052 1542 semel
1075 1485 1176 1546 mouit

18 1559 145 1618 btosesr
167 1574 272 1638 nempe
286 1556 392 1632 Deam,
413 1559 531 1618 simulac
550 1560 716 1632 admeruit,
732 1556 892 1642 praeditum
909 1579 974 1632 esee
993 1563 1062 1622 setis
1079 1564 1175 1623 valida

46 1639 165 1698 otentia
182 1638 227 1696 ad
252 1639 418 1698 sternuidos
442 1651 541 1699 omues
567 1641 675 1712 hostes,
707 1656 740 1698 ac
760 1642 960 1720 profligandos.
998 1642 1174 1723 Quamnam

20 1659 171 1778 bomanel
191 1713 295 1776 modus
313 1718 384 1777 mmi
402 1737 461 1780 non
481 1719 553 1779 adeo
573 1719 711 1800 dispiicet,
731 1720 818 1779 modo
837 1721 964 1780 resolvas
978 1723 1095 1796 utdlei,
1115 1723 1174 1782 acsi

27 1798 164 1871 dixisset,
184 1793 260 1857 Non*
271 1809 345 1877 opus
364 1811 429 1859 esse·
440 1815 545 1880 magno
561 1805 699 1880 apparatu
716 1797 840 1860 utilem
856 1800 953 1860 bootes
972 1803 1174 1882 ssoozperdete

32 1879 103 1957 qnia
126 1878 157 1936 ln
184 1879 246 1936 eius
272 1877 388 1938 arbitrio
408 1885 465 1952 est,
494 1879 620 1938 simulac
637 1879 756 1957 digitum
780 1880 942 1953 sustulerit,
967 1897 1066 1942 omres
1092 1882 1176 1942 died·-

31 1977 113 2037 pare.
133 1955 245 2017 interea
263 1957 348 2017 tacite
367 1957 616 2031 subindicablieri
626 1957 683 2018 Dei
702 1959 861 2032 tolerantie,
880 1967 912 2019 ut
931 1960 1072 2020 interdum
1093 1959 1172 2041 prae

30 2037 150 2095 valeam
171 2037 282 2097 hostes:
307 2044 336 2097 ct
355 2040 540 2118 quantmvis
558 2039 744 2112 insolescunt,
763 2037 832 2100 nibil
853 2057 937 2119 posse
956 2041 1010 2100 nisi
1028 2042 1089 2099 eius
1109 2061 1172 2120 per·

29 2117 139 2175 missu:
162 2117 235 2195 qnia
254 2117 382 2178 nondum
401 2124 446 2177 eat
464 2124 577 2198 tempos
593 2117 739 2198 ‘surgendi
755 2117 969 2198 -tloeqooque
988 2121 1173 2180 suavissimae
1199 2125 1206 2138 ”

30 2195 239 2262 consolationis
263 2197 381 2276 plenum
405 2203 462 2271 eet,
479 2198 585 2260 uocari
605 2201 663 2258 Det
687 2201 783 2260 bostea
828 2199 970 2278 siccoque
993 2199 1055 2257 eius
1075 2197 1173 2258 Beate
1207 2258 1209 2264 ,

28 2277 106 2334 siam
125 2275 365 2354 intestamrqeir
380 2295 470 2372 quum
488 2293 543 2336 uos
562 2278 716 2356 susceperit
734 2213 865 2352 omnino,
884 2296 944 2337 non
959 2296 1040 2338 secus
1050 2277 1175 2340 elicitur

28 2355 143 2414 nostris
162 2355 271 2414 iniuriis
291 2358 349 2414 acsi
368 2357 525 2416 violaretur
542 2375 593 2415 soa
612 2355 701 2436 ipsius
721 2356 862 2418 maiestas.
902 2355 1008 2417 Pulcra
1026 2358 1112 2418 etlam
1133 2360 1172 2418 si-

32 2433 197 2495 miiitnd'rne
216 2434 321 2494 meiim
334 2436 470 2514 exprimit
488 2453 577 2516 qoem
595 2431 753 2496 isoileDeo
772 2453 807 2496 ac
826 2443 992 2516 promptum
1012 2437 1169 2500 sit'omnes

35 2513 164 2574 bostium
184 2520 347 2578 boemorum
366 2521 484 2574 conatam
503 2515 658 2574 discutere:
683 2533 788 2596 nempe
805 2525 883 2576 umet
898 2520 1006 2597 firmus
1024 2529 1108 2578 uenio
1127 2521 1173 2586 di·

36 2615 158 2654 scaena
180 2601 338 2668 euanescit,
362 2595 410 2654 vel
433 2615 503 2654 cero
526 2598 658 2677 liquescit
681 2617 784 2656 eorem
806 2603 887 2677 igne.
926 2594 978 2655 Est
998 2603 1093 2656 autem
1115 2595 1171 2658 boc

36 2673 100 2732 iere
118 2672 294 2748 incredibile,
313 2671 372 2733 ta'm
391 2672 466 2734 firmi
485 2673 596 2734 roboris
616 2673 827 2755 dissipationem
846 2675 909 2738 sore
927 2683 1171 2736 momentaneam:

42 2753 94 2812 sed
113 2751 234 2833 Spiritus
259 2753 315 2812 boc
338 2753 425 2813 modo
448 2754 566 2814 nimiam
589 2755 681 2812 carnis
700 2760 814 2814 nostrae
832 2753 1010 2818 timiditatem
1031 2757 1172 2837 corrigere

39 2833 145 2893 voluit:
167 2834 223 2892 acsi
243 2832 356 2908 diceret,
375 2853 434 2893 non
453 2831 570 2894 subesse
589 2831 718 2894 hostibus
737 2829 841 2893 noetris
860 2851 947 2914 φιιιιι
989 2840 1102 2895 olemus
1122 2837 1170 2896 irr-

40 2911 220 2986 milatium,
243 2913 293 2972 sed
314 2914 496 2994 quartiano
515 2911 908 2996 hebetarinostrosoculos:
932 2855 991 2974 folii
1012 2916 1096 2974 οῐίιιιι
1117 2925 1171 2975 no'e

41 2994 72 3052 in
95 2993 154 3071 ipsa
177 2993 292 3067 duritie,
320 2995 387 3074 quia
409 3011 468 3054 noo
492 2999 657 3074 reputamus
682 2992 747 3052 solo
771 2989 828 3052 Dei
851 2999 1006 3074 conspectu
1030 2993 1175 3077 liquefieri

42 3080 152 3132 montes
169 3073 178 3131 i
212 3091 254 3131 os.

124 3153 151 3213 4·
178 3091 259 3212 {iasii
275 3144 373 3213 ocimu
393 3155 588 3214 lodobssriur.
627 3151 685 3212 Hic
701 3152 825 3233 explicat
845 3149 950 3227 David,
969 3155 1122 3234 praecipue
1141 3156 1172 3215 in

45 3232 161 3290 salutem
179 3229 321 3291 Ecclesiae
340 3251 418 3308 suae,
431 3233 534 3292 Deum
552 3231 759 3294 formidabilem
779 3251 840 3293 esse
859 3234 961 3313 impiis.
1002 3231 1039 3292 Et
1059 3234 1173 3294 videtur

46 3313 175 3372 laridum
193 3311 267 3371 banc
286 3311 402 3392 oblique
420 3331 568 3394 opponere
586 3315 725 3386 moerori,
754 3331 813 3393 quo
837 3311 887 3372 diu
907 3312 959 3372 sub
980 3311 1068 3372 Saule
1087 3331 1171 3374 occa-

47 3391 566 3550 {illuittttlt‘tuttl
585 3389 1170 3554 {itti‘otutttltttltt‘ut'

795 3515 803 3544 ‚
1159 3509 1171 3522 .

50 3551 90 3608 tia
108 3549 218 3610 demmd
236 3511 356 3612 inueniat.
375 3549 486 3612 interea
506 3552 596 3625 docet,
615 3559 685 3614 tnnc
703 3570 772 3612 vero
792 3551 906 3610 demam
925 3551 1078 3612 exhilarari
1097 3555 1171 3634 pios,

51 3629 117 3689 dam
135 3629 182 3690 sibl
200 3632 356 3712 propitium
376 3649 438 3692 esse
447 3629 543 3692 Deum
562 3649 649 3693 cerno
670 3639 696 3706 t,
720 3633 904 3728 suamqueei
927 3632 1049 3693 sdutem
1075 3651 1172 3694 oerooa
1247 3649 1255 3678 ι

51 3707 536 3874 tmltttttrttttlgii
547 3721 691 3872 lidi,
704 3709 938 3872 {iiiiii}
954 3713 1171 3872 titatium

53 3869 152 3929 elacie
167 3867 235 3943 Dei,
259 3887 346 4008 ipram
369 3869 538 3931 exhorrent:
567 3871 636 3930 iusti
653 3889 725 3932 vero
750 3869 786 3930 ad
809 3871 929 3931 eandem
952 3871 1055 3931 faciem
1075 3871 1169 3931 exsul-
1248 3877 1255 3892 ‘
1305 3915 1308 3924 .
1354 3949 1355 3960 ἵ

54 3955 126 4022 bnt,
147 3950 209 4030 quis
233 3951 265 4009 ui
284 3951 304 4010 it
328 3949 383 4010 illis
407 3950 670 4032 optabilius-quam
694 3952 799 4012 sentire
823 3953 1016 4032 propinquum
1036 3949 1089 4010 sibi
1109 3969 1170 4012 esse

55 4025 150 4088 Deum.
176 4027 305 4090 Vidimus
324 4035 421 4092 antem
441 4029 555 4090 Psalmo
575 4035 623 4104 18,
644 4033 692 4093 26.
712 4039 745 4091 ot
763 4029 819 4091 Dei
839 4037 1007 4110 conspectus
1027 4027 1101 4088 alibs
1121 4050 1170 4090 en-
1285 4031 1317 4092 .'
1354 4013 1355 4030 ¹

56 4107 210 4188 paveiaoiat,
233 4109 304 4172 aiios
323 4129 393 4170 vero
417 4111 544 4180 scruter
567 4110 719 4180 militaret:
750 4111 818 4188 quia
841 4111 924 4170 siculi
943 4116 1108 4169 mansuetus
1128 4117 1172 4170 cet

58 4205 117 4268 erga
134 4193 298 4264 mansuetos,
317 4191 442 4256 iturum
462 4189 627 4270 praefractis
646 4189 805 4272 praefracte
823 4191 890 4269 agit.
919 4187 1049 4248 Plotium
1068 4189 1169 4248 verbo·
1265 4243 1267 4248 .

58 4285 115 4327 rum
136 4269 257 4348 congerie
280 4269 414 4351 exprimit
433 4267 576 4349 Propheta
600 4291 659 4330 nou
683 4268 855 4331 mediocrem
877 4267 940 4328 fore
958 4269 1073 4349 pioruot
1092 4268 1170 4330 laeti·

60 4345 127 4421 tiam,
144 4345 187 4408 sed
205 4365 280 4428 quae
299 4367 398 4408 omnes
417 4367 518 4419 eorum
537 4349 655 4409 affectus
674 4351 703 4406 in
724 4368 754 4407 se
773 4349 865 4428 rapiat
884 4353 914 4407 et
933 4355 1062 4429 occupet.

126 4427 355 4490 emersisse
375 4427 436 4490 lom
455 4428 564 4490 hortari
583 4430 683 4510 incipit
701 4425 800 4489 fideles
818 4425 1048 4490 adtendendum
1060 4427 1171 4489 Deum:
