2818 4886
158 223 228 278 331
583 213 872 258 nucerinus

114 305 120 312 Ι
160 343 211 406 sed
226 295 369 488 ςιίἰιιῖιίἒιιιιι
384 337 554 420 ,ilcslpturae
576 335 768 414 luclstotum
793 331 851 396 Dei
873 281 1060 438 uultauplpsm
1082 326 1299 418 synecdochen

144 441 290 504 comper
325 440 387 480 ur..
667 478 673 490 ,
766 459 770 468 .
982 453 986 465 ·

224 651 226 658 v
254 620 287 686 5.
308 615 374 685 llliu
393 564 588 708 hepidarunt
608 545 825 706 trepidailolrd,
847 554 1080 706 patrosonin
1101 608 1305 706 generatione

165 725 256 796 iustu
283 723 332 792 ’6.
361 719 540 792 conatum
565 719 669 812 inopis
695 719 813 812 probro
840 715 975 802 allicitis,
1002 715 1090 809 quod
1118 715 1238 788 Iehova
1266 715 1308 820 sit

167 853 241 924 spes
263 851 341 901 erus.
432 869 468 882 ··
530 897 537 906 ,
1045 833 1049 850 ’
1240 839 1245 847 ’

239 975 276 1038 ’5.
294 976 364 1035 utu
381 973 592 1053 trepidarunt.¹
614 966 700 1034 blane
715 967 863 1052 Propheta
880 947 963 1032 se'et
986 967 1113 1054 reliques
1131 965 1232 1030 lidelss
1252 987 1308 1050 op·
1371 1020 1376 1039 ,

36 1121 40 1130 ,
167 1053 239 1116 tima
262 1053 454 1114 consolatione
478 1043 598 1128 animat,
626 1051 705 1131 qnod
728 1049 810 1112 Deus
834 1068 893 1110 uon
918 1047 1028 1110 deseret
1052 1068 1120 1108 suos
1152 1048 1188 1108 ad
1212 1055 1310 1109 extre·

168 1153 249 1194 mum
265 1151 374 1230 lneque,
399 1133 468 1212 quin
492 1131 607 1192 tandem
626 1137 760 1276 apppreat
779 1149 879 1190 eorum
897 1128 1012 1188 vindex.
1051 1125 1228 1190 Aduerbium
1249 1127 1309 1188 loci

169 1213 285 1294 ,nan
315 1219 357 1272 “⁸
373 1217 528 1350 ·⁰¹l⁰¹¹¹¹¹¹‘
552 1211 639 1350 lli:si
665 1206 1310 1350 althitltttfttltilhtttff

125 1333 129 1343 Ι
169 1299 618 1458 ddldftdddspdlluseexrpeffitpd
630 1310 751 1451 pbeuae,
771 1387 858 1452 quam
874 1367 967 1429 daturi
983 1373 1059 1440 sunt,
1079 1307 1229 1440 certitudo,
1249 1365 1310 1425 acsi

169 1471 233 1513 eam
261 1451 348 1530 digito
373 1455 553 1513 monstraret
595 1446 681 1526 Quau
704 1467 770 1510 uam
796 1467 834 1508 ex
859 1445 975 1511 Psalmo
1001 1449 1057 1524 53,
1083 1445 1218 1526 colligere
1240 1445 1312 1504 lieet

171 1529 298 1592 subitum
318 1548 435 1611 quoque
453 1535 482 1590 et
501 1529 677 1610 inopinatum
727 1529 754 1588 ei
772 1527 907 1588 iudicium
927 1527 1035 1602 notan,
1058 1523 1116 1586 illic
1135 1525 1211 1586 enim
1230 1523 1309 1584 addi-

56 1659 57 1662 ,
172 1615 231 1684 tur,
249 1607 315 1672 Nou
335 1613 387 1684 est,
406 1607 463 1682 rel,
481 1628 541 1670 non
561 1605 614 1668 luit
638 1607 733 1670 timor.
773 1605 851 1684 Scio,
866 1605 980 1686 quidem
997 1603 1158 1668 membrum
1178 1603 1248 1668 illud
1267 1601 1303 1662 ab

172 1685 374 1770 interpretibus
397 1688 475 1748 varic
494 1687 592 1768 accipi
612 1684 759 1764 ,Quidam
777 1687 862 1753 euim,
873 1685 1059 1760 subaudiunt,
1077 1683 1190 1746 nullum
1209 1702 1307 1764 parem

172 1787 236 1830 esse
254 1767 399 1845 timoremr
420 1765 468 1826 alii
486 1762 614 1850 releru'nt
633 1763 669 1826 ad
688 1763 1033 1846 caecasperturbalioues,
1074 1763 1307 1824 nibusremutur

173 1853 284 1908 mentes
302 1847 415 1940 impiae
454 1843 530 1909 Nam
549 1849 578 1907 el
596 1843 653 1906 hoc
671 1841 755 1926 Legis
775 1864 843 1905 suae
862 1786 1115 1928 transgressoribus
1134 1847 1311 1904 tormentum

78 1991 80 2006 ,
174 1925 256 1988 Deus
275 1927 412 2000 minatur,
432 1925 499 1986 ubl
536 1923 597 1994 iani,
615 1926 727 1994 nemine
746 1931 944 2020 persequente,
963 1921 1055 2002 Levit.
1075 1925 1125 1996 26,
1144 1923 1191 1986 17.
1213 1925 1242 1982 ei
1262 1940 1311 2002 pa·

177 2012 295 2068 vescant
315 2025 332 2066 a
352 2004 471 2085 strepltu
489 2003 551 2064 loli
570 2003 710 2066 cudentisa
731 2005 814 2070 smutr'
833 1991 962 2072 videmus
980 2003 1059 2084 ipsos
1082 2021 1144 2064 esse
1163 2020 1231 2064 suos
1250 2019 1313 2062 car·

177 2083 285 2158 allices,
306 2085 437 2166 aelatus,
455 2083 737 2154 secumrtumultuari
757 2085 818 2144 siue
837 2091 954 2146 externo
975 2090 1065 2145 motu.
1085 2079 1144 2142 Sed
1157 2101 1212 2162 ego
1228 2078 1314 2141 aliam

177 2161 411 2260 essenPropheiae
429 2167 552 2258 mentem
570 2159 680 2226 iudico:
701 2161 905 2304 spondentium
922 2161 1007 2229 rebus
1026 2161 1184 2258 tranquillis
1199 2167 1229 2221 et
1247 2180 1315 2241 pro·

177 2238 1316 2404 :tillraiffttthl,lettidtltrllmthrlltlthltl'tll'nst

180 2408 198 2466 1
225 2401 324 2464 Thess.
349 2404 382 2478 5,
407 2405 435 2466 3.
475 2400 552 2482 Ergo
580 2401 635 2464 hae
649 2421 709 2483 spe
733 2401 830 2464 fideles
854 2403 936 2486 erigit
960 2421 994 2462 ae
1013 2402 1144 2462 'sustinet
1160 2397 1317 2480 Propheta,

181 2481 261 2562 quod
278 2482 369 2563 impii,
390 2481 458 2543 dum
478 2501 509 2542 se
528 2477 669 2542 immunes
688 2482 830 2562 putabunt
845 2481 880 2542 ab
895 2483 972 2544 omui
986 2481 1122 2564 periculo,
1141 2480 1316 2540 imo-secure

182 2559 344 2642 triumphos
373 2581 441 2622 suos
467 2567 566 2641 agent,
590 2560 681 2622 subita
700 2561 781 2622 ruina
801 2561 962 2642 perdentur.
1001 2561 1126 2625 Additur
1144 2559 1230 2632 ratio,
1250 2559 1318 2638 quia

180 2639 374 2722 Deus„ius,tos
391 2660 446 2703 suo
466 2638 622 2721 patrocinio
642 2643 716 2702 tueri
735 2641 811 2702 velit.
842 2641 933 2704 Porro
959 2647 992 2702 ut
1011 2640 1132 2721 salutem
1151 2657 1253 2700 eorum
1272 2655 1316 2699 aa·

162 2717 273 2794 sarai,
298 2738 414 2782 neeesse
437 2729 483 2780 est
506 2721 515 2780 i
537 2740 601 2789 ‚sum
624 2727 724 2782 contra
747 2721 867 2794 iniustos
891 2728 920 2780 et
933 2721 1083 2782 uiolentos
1101 2737 1202 2780 eorum
1220 2717 1318 2786 hostes

182 2797 301 2860 ueoelo
327 2799 486 2862 fulminare.
516 2741 568 2860 hrt
592 2806 688 2862 tamen
707 2802 737 2862 iu
755 2820 828 2862 voce
847 2805 911 2871 'li'l
932 2801 968 2862 ali
991 2819 1029 2862 ua
1044 2797 1227 2880 ambiguitas,
1250 2810 1319 2858 uam
1359 2827 1365 2842 ι

128 2949 133 2958 ¹
183 2879 252 3018 puis
264 2875 400 2940 Hebraeis
420 2897 525 2946 nomeu
544 2877 601 2940 hoe
620 2881 757 2954 seculum,
775 2881 823 2941 rel
844 2901 958 2942 cursum
1000 2897 1119 2940 umaum
1138 2877 1215 2940 ritae
1233 2877 1319 2939 iuter-

205 2979 253 3018 um
273 2957 420 3038 significat,
439 2965 536 3040 posset
555 2957 685 3040 hicelici
705 2979 813 3036 seusus,
834 2957 974 3038 Quemvis'
991 2959 1070 3020 Deus
1090 2957 1126 3020 ad
1139 2965 1251 3037 tempus
1265 2955 1320 3014 dis·
1337 2969 1343 2980 ¹
1399 3017 1400 3020 ,

183 3036 298 3098 simulet
317 3037 441 3110 iniurias,
461 3039 555 3118 ipsum
574 3045 801 3122 tamensemper
821 3039 919 3100 adeste
939 3041 996 3100 suis
1017 3039 1115 3112 servis,
1133 3056 1241 3118 suaque
1255 3054 1320 3116 gra-

184 3119 223 3182 tia
243 3135 293 3175 eos
313 3137 364 3196 per
383 3123 473 3176 totam
493 3123 615 3178 aetatem
634 3119 777 3213 prosequi.
795 3117 958 3200 Simplicius
972 3125 1067 3180 tamen
1082 3117 1203 3190 ridetur,
1222 3113 1321 3175 Deum

184 3202 302 3338 litt
321 3195 623 3337 ultimitate*
644 3195 803 3336 dlllllm
817 3197 879 3354 il
897 3197 962 3293 ¹⁹⁰⁰
977 3197 1070 3338 ,par
1085 3193 1323 3336 qillm‘li'si

186 3316 340 3414 obsidedlls
365 3319 417 3428 le,
436 3353 545 3432 pudore
569 3313 695 3415 allilcies:
722 3295 1232 3436 quoddamalbuoaldlnudssdldlevelledd¹1³
1251 3315 1340 3432 Qui-⁸

185 3433 239 3496 bus
260 3433 352 3493 verbis
373 3432 475 3493 elarius
495 3433 619 3528 explieat
633 3432 777 3515 Propheta
797 3437 942 3514 quomodo
961 3439 1041 3498 iustis
1056 3435 1214 3517 praesideat
1228 3433 1322 3512 Deus:

187 3532 292 3592 nempe
311 3513 380 3573 dum
401 3531 449 3572 eos
470 3514 553 3593 eriprt
573 3531 589 3571 e
609 3515 708 3574 mortis
728 3515 873 3590 faucibus,
898 3517 955 3576 acsi
975 3517 1039 3596 quis
1059 3515 1205 3576 obsidione
1224 3511 1324 3574 liberet

63 3613 81 3650 .’
168 3593 239 3670 <qui
260 3593 289 3652 in
311 3599 462 3673 angustum
481 3592 588 3655 redacti
607 3599 696 3652 erant.
717 3591 799 3654 Unde
820 3597 956 3674 sequitur,
977 3595 1115 3676 patienter
1133 3593 1217 3656 nobis
1233 3593 1322 3654 leren-

188 3671 254 3730 dam
280 3691 342 3731 esse
369 3673 598 3754 oppressionem,
622 3673 645 3731 si
670 3675 800 3754 cupimus
827 3673 884 3734 Dei
910 3695 997 3736 mauu
1021 3696 1060 3756 np
1082 3680 1184 3736 ortunu
1207 3671 1324 3756 servari.

189 3749 264 3810 Ossa
292 3759 386 3812 autem
413 3751 605 3832 metaphorice
630 3751 719 3812 robur
738 3752 785 3812 vel
804 3755 961 3834 potentiam
980 3697 1152 3838 signilloaut:
1179 3755 1324 3832 quianon

188 3829 270 3890 aliter
295 3827 508 3910 subpeteret,
531 3827 587 3890 Dei
612 3849 698 3892 mauu
724 3835 833 3892 conteri
853 3835 969 3915 impios,
993 3833 1048 3896 disi
1068 3834 1169 3916 opibus
1188 3839 1218 3892 et
1237 3831 1325 3914 copiis

189 3916 283 3970 essent
303 3909 501 3972 formidabiles.
527 3907 665 3972 Hortatur
684 3911 784 3972 deiude
803 3911 901 3974 fideles
921 3913 956 3976 ad
976 3921 1104 3976 sanctam
1118 3913 1324 3996 gloriationem,

189 3993 231 4048 ue⁴
251 3988 380 4052 dubitent
405 3988 533 4068 reprobis
554 3991 658 4050 instare
678 3991 848 4072 probrosum
867 3995 1023 4054 interilum:
1049 3995 1117 4078 quie
1137 3993 1245 4052 scilieet
1264 3989 1325 4050 Do·

189 4069 284 4129 minus
303 4072 380 4150 ipsos
402 4069 516 4142 reiecit,
537 4089 595 4150 quo
616 4069 735 4132 adverso
756 4073 850 4132 omnia
869 4073 1018 4142 inlelieiter
1033 4073 1132 4138 cedere
1144 4091 1260 4136 necesse
1273 4075 1325 4135 est.

154 4179 156 4186 ¹
190 4145 268 4285 guia
288 4153 377 4222 ΟΜ
403 4167 535 4230 spernere
560 4149 701 4210 interdum
725 4151 877 4232 siguificat,
901 4153 1017 4233 quidam
1035 4154 1075 4214 ita
1094 4157 1224 4228 venunt,
1250 4149 1325 4228 Quia

222 4245 272 4286 eus
292 4227 482 4322 sprevltreos:
501 4225 551 4287 sed
571 4229 734 4312 improprie,
753 4232 944 4294 meoiudicio.
964 4231 1054 4313 lllagis
1090 4231 1229 4304 usdraret,
1251 4229 1324 4290 Gon-

190 4305 364 4390 temptibrles
384 4326 435 4370 eos
454 4307 583 4386 reddidit,
603 4309 660 4386 rel,
679 4309 785 4404 prohpo
804 4317 834 4372 et
852 4311 1022 4393 ignominiae
1041 4333 1055 4374 s
1094 4313 1168 4374 iecit.
1187 4307 1324 4394 Unde-se
